@inproceedings{DBLP:conf/nips/BreugelKBS21,
  author    = {Boris van Breugel and
               Trent Kyono and
               Jeroen Berrevoets and
               Mihaela van der Schaar},
  editor    = {Marc'Aurelio Ranzato and
               Alina Beygelzimer and
               Yann N. Dauphin and
               Percy Liang and
               Jennifer Wortman Vaughan},
  title     = {{DECAF:} Generating Fair Synthetic Data Using Causally-Aware Generative
               Networks},
  booktitle = {Advances in Neural Information Processing Systems 34: Annual Conference
               on Neural Information Processing Systems 2021, NeurIPS 2021, December
               6-14, 2021, virtual},
  pages     = {22221--22233},
  year      = {2021},
  url       = {https://proceedings.neurips.cc/paper/2021/hash/ba9fab001f67381e56e410575874d967-Abstract.html},
  timestamp = {Mon, 02 May 2022 17:21:58 +0200},
  biburl    = {https://dblp.org/rec/conf/nips/BreugelKBS21.bib},
  bibsource = {dblp computer science bibliography, https://dblp.org}
}

@article{hare_2019, title={Who Is Missing? Undercounts and Omissions in the U.S. Census}, DOI={10.1007/978-3-030-10973-8_1}, journal={SpringerBriefs in Population Studies Differential Undercounts in the U.S. Census}, author={O’Hare, William P.}, year={2019}, pages={1–12}} 


@article{johnson_2020, title={Algorithmic bias: on the implicit biases of social technology}, volume={198}, DOI={10.1007/s11229-020-02696-y}, number={10}, journal={Synthese}, author={Johnson, Gabbrielle M.}, year={2020}, pages={9941–9961}} 

@misc{Dua:2019 ,
author = "Dua, Dheeru and Graff, Casey",
year = "2017",
title = "{UCI} Machine Learning Repository",
url = "http://archive.ics.uci.edu/ml",
institution = "University of California, Irvine, School of Information and Computer Sciences" }


 @article{DBLP:journals/algorithms/AivodjiBGNT21,
  author    = {Ulrich A{\"{\i}}vodji and
               Fran{\c{c}}ois Bidet and
               S{\'{e}}bastien Gambs and
               Rosin Claude Ngueveu and
               Alain Tapp},
  title     = {Local Data Debiasing for Fairness Based on Generative Adversarial
               Training},
  journal   = {Algorithms},
  volume    = {14},
  number    = {3},
  pages     = {87},
  year      = {2021},
  url       = {https://doi.org/10.3390/a14030087},
  doi       = {10.3390/a14030087},
  timestamp = {Thu, 29 Apr 2021 15:14:10 +0200},
  biburl    = {https://dblp.org/rec/journals/algorithms/AivodjiBGNT21.bib},
  bibsource = {dblp computer science bibliography, https://dblp.org}
}
 
 @article{DBLP:journals/corr/HardtPS16,
  author    = {Moritz Hardt and
               Eric Price and
               Nathan Srebro},
  title     = {Equality of Opportunity in Supervised Learning},
  journal   = {CoRR},
  volume    = {abs/1610.02413},
  year      = {2016},
  url       = {http://arxiv.org/abs/1610.02413},
  eprinttype = {arXiv},
  eprint    = {1610.02413},
  timestamp = {Mon, 13 Aug 2018 16:47:05 +0200},
  biburl    = {https://dblp.org/rec/journals/corr/HardtPS16.bib},
  bibsource = {dblp computer science bibliography, https://dblp.org}
}

@article{article,
author = {Edwards, Harrison and Storkey, Amos},
year = {2015},
month = {11},
pages = {},
title = {Censoring Representations with an Adversary}
}

 @article{tomalin_byrne_concannon_saunders_ullmann_2021, title={The practical ethics of bias reduction in machine translation: Why domain adaptation is better than data debiasing}, volume={23}, DOI={10.1007/s10676-021-09583-1}, number={3}, journal={Ethics and Information Technology}, author={Tomalin, Marcus and Byrne, Bill and Concannon, Shauna and Saunders, Danielle and Ullmann, Stefanie}, year={2021}, pages={419–433}} 

 @article{kamishima_akaho_asoh_sakuma_2012, title={Fairness-aware classifier with prejudice remover regularizer}, DOI={10.1007/978-3-642-33486-3_3}, journal={Machine Learning and Knowledge Discovery in Databases}, author={Kamishima, Toshihiro and Akaho, Shotaro and Asoh, Hideki and Sakuma, Jun}, year={2012}, pages={35–50}} 
 
  @article{rajabi_garibay_2021, title={Towards fairness in AI: Addressing bias in data using Gans}, DOI={10.1007/978-3-030-90963-5_39}, journal={HCI International 2021 - Late Breaking Papers: Multimodality, eXtended Reality, and Artificial Intelligence}, author={Rajabi, Amirarsalan and Garibay, Ozlem O.}, year={2021}, pages={509–518}} 
  
   @article{tomalin_byrne_concannon_saunders_ullmann_2021, title={The practical ethics of bias reduction in machine translation: Why domain adaptation is better than data debiasing}, volume={23}, DOI={10.1007/s10676-021-09583-1}, number={3}, journal={Ethics and Information Technology}, author={Tomalin, Marcus and Byrne, Bill and Concannon, Shauna and Saunders, Danielle and Ullmann, Stefanie}, year={2021}, pages={419–433}} 
   
     @article{xu_yuan_zhang_wu_2018, title={Fairgan: Fairness-aware Generative Adversarial Networks}, DOI={10.1109/bigdata.2018.8622525}, journal={2018 IEEE International Conference on Big Data (Big Data)}, author={Xu, Depeng and Yuan, Shuhan and Zhang, Lu and Wu, Xintao}, year={2018}} 
    
     @article{rodolfa_lamba_ghani_2021, title={Empirical observation of negligible fairness–accuracy trade-offs in Machine Learning for Public Policy}, volume={3}, DOI={10.1038/s42256-021-00396-x}, number={10}, journal={Nature Machine Intelligence}, author={Rodolfa, Kit T. and Lamba, Hemank and Ghani, Rayid}, year={2021}, pages={896–904}} 
     
      @article{sattigeri_hoffman_chenthamarakshan_varshney_2019, title={Fairness gan: Generating datasets with fairness properties using a generative Adversarial Network}, volume={63}, DOI={10.1147/jrd.2019.2945519}, number={4/5}, journal={IBM Journal of Research and Development}, author={Sattigeri, P. and Hoffman, S. C. and Chenthamarakshan, V. and Varshney, K. R.}, year={2019}} 
      @article{DBLP:journals/corr/abs-1901-10002,
  author    = {Harini Suresh and
               John V. Guttag},
  title     = {A Framework for Understanding Unintended Consequences of Machine Learning},
  journal   = {CoRR},
  volume    = {abs/1901.10002},
  year      = {2019},
  url       = {http://arxiv.org/abs/1901.10002},
  eprinttype = {arXiv},
  eprint    = {1901.10002},
  timestamp = {Sat, 02 Feb 2019 16:56:00 +0100},
  biburl    = {https://dblp.org/rec/journals/corr/abs-1901-10002.bib},
  bibsource = {dblp computer science bibliography, https://dblp.org}
}

@article{DBLP:journals/csur/MehrabiMSLG21,
  author    = {Ninareh Mehrabi and
               Fred Morstatter and
               Nripsuta Saxena and
               Kristina Lerman and
               Aram Galstyan},
  title     = {A Survey on Bias and Fairness in Machine Learning},
  journal   = {{ACM} Comput. Surv.},
  volume    = {54},
  number    = {6},
  pages     = {115:1--115:35},
  year      = {2021},
  url       = {https://doi.org/10.1145/3457607},
  doi       = {10.1145/3457607},
  timestamp = {Thu, 14 Oct 2021 09:18:48 +0200},
  biburl    = {https://dblp.org/rec/journals/csur/MehrabiMSLG21.bib},
  bibsource = {dblp computer science bibliography, https://dblp.org}
}
