@article{jaderberg2015spatial,
  title={Spatial transformer networks},
  author={Jaderberg, Max and Simonyan, Karen and Zisserman, Andrew and others},
  journal={Advances in neural information processing systems},
  volume={28},
  pages={2017--2025},
  year={2015}
}


@article{augmentation_list,
  title={T.M. A survey on Image Data Augmentation for Deep Learning.},
  author={Shorten, C., Khoshgoftaar},
  journal={Journal of Big Data},
  volume={6},
  number={60},
  year={2019},
  publisher={MIT Press}
}

@article{balunovic2021bayesian,
  title={Bayesian Framework for Gradient Leakage},
  author={Balunovi{\'c}, Mislav and Dimitrov, Dimitar I and Staab, Robin and Vechev, Martin},
  journal={arXiv preprint arXiv:2111.04706},
  year={2021}
}

@inproceedings{gao2021privacy,
  title={Privacy-preserving collaborative learning with automatic transformation search},
  author={Gao, Wei and Guo, Shangwei and Zhang, Tianwei and Qiu, Han and Wen, Yonggang and Liu, Yang},
  booktitle={Proceedings of the IEEE/CVF Conference on Computer Vision and Pattern Recognition},
  pages={114--123},
  year={2021}
}

@inproceedings{hore2010image,
  title={Image quality metrics: PSNR vs. SSIM},
  author={Hore, Alain and Ziou, Djemel},
  booktitle={2010 20th international conference on pattern recognition},
  pages={2366--2369},
  year={2010},
  organization={IEEE}
}

@incollection{NEURIPS2019_9015,
title = {PyTorch: An Imperative Style, High-Performance Deep Learning Library},
author = {Paszke, Adam and Gross, Sam and Massa, Francisco and Lerer, Adam and Bradbury, James and Chanan, Gregory and Killeen, Trevor and Lin, Zeming and Gimelshein, Natalia and Antiga, Luca and Desmaison, Alban and Kopf, Andreas and Yang, Edward and DeVito, Zachary and Raison, Martin and Tejani, Alykhan and Chilamkurthy, Sasank and Steiner, Benoit and Fang, Lu and Bai, Junjie and Chintala, Soumith},
booktitle = {Advances in Neural Information Processing Systems 32},
editor = {H. Wallach and H. Larochelle and A. Beygelzimer and F. d\textquotesingle Alch\'{e}-Buc and E. Fox and R. Garnett},
pages = {8024--8035},
year = {2019},
publisher = {Curran Associates, Inc.},
url = {http://papers.neurips.cc/paper/9015-pytorch-an-imperative-style-high-performance-deep-learning-library.pdf}
}

@inproceedings{mellor2021neural,
  title={Neural architecture search without training},
  author={Mellor, Joe and Turner, Jack and Storkey, Amos and Crowley, Elliot J},
  booktitle={International Conference on Machine Learning},
  pages={7588--7598},
  year={2021},
  organization={PMLR}
}

@article{yang2019federated,
  title={Federated machine learning: Concept and applications},
  author={Yang, Qiang and Liu, Yang and Chen, Tianjian and Tong, Yongxin},
  journal={ACM Transactions on Intelligent Systems and Technology (TIST)},
  volume={10},
  number={2},
  pages={1--19},
  year={2019},
  publisher={ACM New York, NY, USA}
}

@article{guo2020towards,
  title={Towards byzantine-resilient learning in decentralized systems},
  author={Guo, Shangwei and Zhang, Tianwei and Xie, Xiaofei and Ma, Lei and Xiang, Tao and Liu, Yang},
  journal={arXiv preprint arXiv:2002.08569},
  year={2020}
}

@inproceedings{melis2019exploiting,
  title={Exploiting unintended feature leakage in collaborative learning},
  author={Melis, Luca and Song, Congzheng and De Cristofaro, Emiliano and Shmatikov, Vitaly},
  booktitle={2019 IEEE Symposium on Security and Privacy (SP)},
  pages={691--706},
  year={2019},
  organization={IEEE}
}

@misc{unknown-author-2009,
	title = {{CIFAR-10 datasets}},
	url = {https://www.cs.toronto.edu/%7Ekriz/cifar.html},
	year = {2009},
}

@misc{xiao2017fashionmnist,
  added-at = {2021-10-12T06:50:19.000+0200},
  author = {Xiao, Han and Rasul, Kashif and Vollgraf, Roland},
  biburl = {https://www.bibsonomy.org/bibtex/2de51af2f6c7d8b0f4cd84a428bb17967/andolab},
  description = {Fashion-MNIST: a Novel Image Dataset for Benchmarking Machine Learning Algorithms},
  interhash = {0c81f9a6170118f14703b6796101ce40},
  intrahash = {de51af2f6c7d8b0f4cd84a428bb17967},
  keywords = {Fashion-MNIST Image_Classification_Benchmark},
  note = {cite arxiv:1708.07747Comment: Dataset is freely available at  https://github.com/zalandoresearch/fashion-mnist Benchmark is available at  http://fashion-mnist.s3-website.eu-central-1.amazonaws.com/},
  timestamp = {2021-10-12T06:50:19.000+0200},
  title = {Fashion-MNIST: a Novel Image Dataset for Benchmarking Machine Learning
  Algorithms},
  url = {http://arxiv.org/abs/1708.07747},
  year = 2017
}

@misc{he2015deep,
      title={Deep Residual Learning for Image Recognition}, 
      author={Kaiming He and Xiangyu Zhang and Shaoqing Ren and Jian Sun},
      year={2015},
      eprint={1512.03385},
      archivePrefix={arXiv},
      primaryClass={cs.CV}
}
@misc{kingma2014method,
  added-at = {2022-01-22T18:57:35.000+0100},
  author = {Kingma, Diederik P. and Ba, Jimmy},
  biburl = {https://www.bibsonomy.org/bibtex/2d53bcfff0fe1a1d3a4a171352ee6e92c/leophill},
  description = {Adam: A Method for Stochastic Optimization},
  interhash = {57d2ac873f398f21bb94790081e80394},
  intrahash = {d53bcfff0fe1a1d3a4a171352ee6e92c},
  keywords = {Thesis},
  note = {cite arxiv:1412.6980Comment: Published as a conference paper at the 3rd International Conference  for Learning Representations, San Diego, 2015},
  timestamp = {2022-01-22T18:57:35.000+0100},
  title = {Adam: A Method for Stochastic Optimization},
  url = {http://arxiv.org/abs/1412.6980},
  year = 2014
}


@InProceedings{pmlr-v28-shamir13,
  title = 	 {Stochastic Gradient Descent for Non-smooth Optimization: Convergence Results and Optimal Averaging Schemes},
  author = 	 {Shamir, Ohad and Zhang, Tong},
  booktitle = 	 {Proceedings of the 30th International Conference on Machine Learning},
  pages = 	 {71--79},
  year = 	 {2013},
  editor = 	 {Dasgupta, Sanjoy and McAllester, David},
  volume = 	 {28},
  number =       {1},
  series = 	 {Proceedings of Machine Learning Research},
  address = 	 {Atlanta, Georgia, USA},
  month = 	 {17--19 Jun},
  publisher =    {PMLR},
  pdf = 	 {http://proceedings.mlr.press/v28/shamir13.pdf},
  url = 	 {https://proceedings.mlr.press/v28/shamir13.html},
}

@article{ruder2016overview,
  title={An overview of gradient descent optimization algorithms},
  author={Ruder, Sebastian},
  journal={arXiv preprint arXiv:1609.04747},
  year={2016}
}
@misc{reproduced,
  author = {Anonymous Authors},
  title = {ATSPrivacy reproduced},
  year = {2022},
  publisher = {GitHub},
  journal = {GitHub repository},
  howpublished = {\url{https://anonymous.4open.science/r/fact-ai-2021-project-07B3/README.md}},
  commit = {b9bf5da58d515167f94d859e256fd8b18d8a1f7c}
}
@misc{weigithub,
  author = {Wei Gao},
  title = {ATSPrivacy},
  year = {2021},
  publisher = {GitHub},
  journal = {GitHub repository},
  howpublished = {\url{https://github.com/gaow0007/ATSPrivacy}},
  commit = {b9bf5da58d515167f94d859e256fd8b18d8a1f7c}
}
% https://www.surf.nl/files/2019-03/lisa-compute-cluster.pdf

@misc{lisac,
  author = {Science Park},
  title = {Lisa Cluster},
  year = {2021},
  publisher = {GitHub},
  journal = {GitHub repository},
  howpublished = {\url{https://www.surf.nl/files/2019-03/lisa-compute-cluster.pdf}}
}

@inproceedings{sutskever2013importance,
  title={On the importance of initialization and momentum in deep learning},
  author={Sutskever, Ilya and Martens, James and Dahl, George and Hinton, Geoffrey},
  booktitle={International conference on machine learning},
  pages={1139--1147},
  year={2013},
  organization={PMLR}
}
