@inproceedings{chaplot2021differentiable,
  title={Differentiable spatial planning using transformers},
  author={Chaplot, Devendra Singh and Pathak, Deepak and Malik, Jitendra},
  booktitle={International Conference on Machine Learning},
  pages={1484--1495},
  year={2021},
  organization={PMLR}
}
@inproceedings{lee2018gated,
  title={Gated path planning networks},
  author={Lee, Lisa and Parisotto, Emilio and Chaplot, Devendra Singh and Xing, Eric and Salakhutdinov, Ruslan},
  booktitle={International Conference on Machine Learning},
  pages={2947--2955},
  year={2018},
  organization={PMLR}
}
@article{tamar2016value,
  title={Value iteration networks},
  author={Tamar, Aviv and Wu, Yi and Thomas, Garrett and Levine, Sergey and Abbeel, Pieter},
  journal={arXiv preprint arXiv:1602.02867},
  year={2016}
}
@inproceedings{savva2019habitat,
  title={Habitat: A platform for embodied ai research},
  author={Savva, Manolis and Kadian, Abhishek and Maksymets, Oleksandr and Zhao, Yili and Wijmans, Erik and Jain, Bhavana and Straub, Julian and Liu, Jia and Koltun, Vladlen and Malik, Jitendra and others},
  booktitle={Proceedings of the IEEE/CVF International Conference on Computer Vision},
  pages={9339--9347},
  year={2019}
}
@inproceedings{xia2018gibson,
  title={Gibson env: Real-world perception for embodied agents},
  author={Xia, Fei and Zamir, Amir R and He, Zhiyang and Sax, Alexander and Malik, Jitendra and Savarese, Silvio},
  booktitle={Proceedings of the IEEE Conference on Computer Vision and Pattern Recognition},
  pages={9068--9079},
  year={2018}
}
@article{dijkstra1959dijkstra,
  title={Dijkstraâ€™s algorithm},
  author={Dijkstra, E},
  journal={nd http://en. wikipedia. org/wiki/Dijkstra\_ algorithm (accessed 2007/10/12)},
  year={1959}
}
@incollection{ketkar2017stochastic,
  title={Stochastic gradient descent},
  author={Ketkar, Nikhil},
  booktitle={Deep learning with Python},
  pages={113--132},
  year={2017},
  publisher={Springer}
}
