@article{Sinha:2021,
  author = {Sinha, Koustuv and Dodge, Jesse and Luccioni, Sasha and Forde, Jessica Zosa and Stojnic, Robert and Pineau, Joelle},
  title = {{ML Reproducibility Challenge 2020}},
  journal = {ReScience C},
  year = {2021},
  month = may,
  volume = {7},
  number = {2},
  pages = {1},
  doi = {10.5281/zenodo.4833117},
  url = {https://zenodo.org/record/4833117/files/article.pdf},
  type = {Editorial},
  keywords = {machine learning, neurips, reproducibility challenge}
}

@inproceedings{Sauer2021ICLR,
 author =  {Axel Sauer and Andreas Geiger},
 title = {Counterfactual Generative Networks},
 booktitle = {International Conference on Learning Representations (ICLR)},
 year = {2021}}

 @article{cue_conflict,
  author    = {Robert Geirhos and
               Patricia Rubisch and
               Claudio Michaelis and
               Matthias Bethge and
               Felix A. Wichmann and
               Wieland Brendel},
  title     = {ImageNet-trained CNNs are biased towards texture; increasing shape
               bias improves accuracy and robustness},
  journal   = {CoRR},
  volume    = {abs/1811.12231},
  year      = {2018},
  url       = {http://arxiv.org/abs/1811.12231},
  eprinttype = {arXiv},
  eprint    = {1811.12231},
  timestamp = {Fri, 30 Nov 2018 12:44:28 +0100},
  biburl    = {https://dblp.org/rec/journals/corr/abs-1811-12231.bib},
  bibsource = {dblp computer science bibliography, https://dblp.org}
}

@misc{bg_gap,
      title={Noise or Signal: The Role of Image Backgrounds in Object Recognition},
      author={Kai Xiao and Logan Engstrom and Andrew Ilyas and Aleksander Madry},
      year={2020},
      eprint={2006.09994},
      archivePrefix={arXiv},
      primaryClass={cs.CV}
}

@article{imagenet9,
  title={Noise or Signal: The Role of Image Backgrounds in Object Recognition},
  author={Kai Xiao and Logan Engstrom and Andrew Ilyas and Aleksander Madry},
  journal={ArXiv preprint arXiv:2006.09994},
  year={2020}
}

@misc{IRM,
      title={Invariant Risk Minimization},
      author={Martin Arjovsky and Léon Bottou and Ishaan Gulrajani and David Lopez-Paz},
      year={2020},
      eprint={1907.02893},
      archivePrefix={arXiv},
      primaryClass={stat.ML}
}

@inproceedings{imagenet-1m,
  title={Imagenet: A large-scale hierarchical image database},
  author={Deng, Jia and Dong, Wei and Socher, Richard and Li, Li-Jia and Li, Kai and Fei-Fei, Li},
  booktitle={2009 IEEE conference on computer vision and pattern recognition},
  pages={248--255},
  year={2009},
  organization={Ieee}
}

@article{geirhos2020shortcut,
  title={Shortcut learning in deep neural networks},
  author={Geirhos, Robert and Jacobsen, J{\"o}rn-Henrik and Michaelis, Claudio and Zemel, Richard and Brendel, Wieland and Bethge, Matthias and Wichmann, Felix A},
  journal={Nature Machine Intelligence},
  volume={2},
  number={11},
  pages={665--673},
  year={2020},
  publisher={Nature Publishing Group}
}

@inproceedings{Burmeister_1995,
	doi = {10.1109/anziis.1995.705737},
	publisher = {{IEEE}},
	year = {1995},
	author = {J. Burmeister and J. Wiles},
	title = {The challenge of Go as a domain for {AI} research: a comparison between Go and chess},
	booktitle = {Proceedings of Third Australian and New Zealand Conference on Intelligent Information Systems. {ANZIIS}-95}
}

@article{gradcam,
   title={Grad-CAM: Visual Explanations from Deep Networks via Gradient-Based Localization},
   volume={128},
   ISSN={1573-1405},
   url={http://dx.doi.org/10.1007/s11263-019-01228-7},
   DOI={10.1007/s11263-019-01228-7},
   number={2},
   journal={International Journal of Computer Vision},
   publisher={Springer Science and Business Media LLC},
   author={Selvaraju, Ramprasaath R. and Cogswell, Michael and Das, Abhishek and Vedantam, Ramakrishna and Parikh, Devi and Batra, Dhruv},
   year={2019},
   month={Oct},
   pages={336–359}
}

@article{brock2018large,
  title={Large scale GAN training for high fidelity natural image synthesis},
  author={Brock, Andrew and Donahue, Jeff and Simonyan, Karen},
  journal={arXiv preprint arXiv:1809.11096},
  year={2018}
}

@article{qin2020u2,
  title={U2-Net: Going deeper with nested U-structure for salient object detection},
  author={Qin, Xuebin and Zhang, Zichen and Huang, Chenyang and Dehghan, Masood and Zaiane, Osmar R and Jagersand, Martin},
  journal={Pattern Recognition},
  volume={106},
  pages={107404},
  year={2020},
  publisher={Elsevier}
}

@misc{torchcam,
  title={PyTorch library for CAM methods},
  author={Jacob Gildenblat and contributors},
  year={2021},
  publisher={GitHub},
  howpublished={\url{https://github.com/jacobgil/pytorch-grad-cam}},
}

@misc{Lisa,
    title = {SURFsara systems},
    author = {SURFsara},
    url = {https://servicedesk.surfsara.nl/wiki/display/WIKI/Snellius+and+Lisa}
}


@article{imagenet-a,
  title={Natural Adversarial Examples},
  author={Dan Hendrycks and Kevin Zhao and Steven Basart and Jacob Steinhardt and Dawn Song},
  journal={CVPR},
  year={2021}
}

@inproceedings{imagenet-stylized,
title={ImageNet-trained {CNN}s are biased towards texture; increasing shape bias improves accuracy and robustness.},
author={Robert Geirhos and Patricia Rubisch and Claudio Michaelis and Matthias Bethge and Felix A. Wichmann and Wieland Brendel},
booktitle={International Conference on Learning Representations},
year={2019},
url={https://openreview.net/forum?id=Bygh9j09KX},
}

@inproceedings{imagenet-sketch,
        title={Learning Robust Global Representations by Penalizing Local Predictive Power},
        author={Wang, Haohan and Ge, Songwei and Lipton, Zachary and Xing, Eric P},
        booktitle={Advances in Neural Information Processing Systems},
        pages={10506--10518},
        year={2019}
}

@article{arrieta2020explainable,
  title={Explainable Artificial Intelligence (XAI): Concepts, taxonomies, opportunities and challenges toward responsible AI},
  author={Arrieta, Alejandro Barredo and D{\'\i}az-Rodr{\'\i}guez, Natalia and Del Ser, Javier and Bennetot, Adrien and Tabik, Siham and Barbado, Alberto and Garc{\'\i}a, Salvador and Gil-L{\'o}pez, Sergio and Molina, Daniel and Benjamins, Richard and others},
  journal={Information Fusion},
  volume={58},
  pages={82--115},
  year={2020},
  publisher={Elsevier}
}

@article{verma2020counterfactual,
  title={Counterfactual explanations for machine learning: A review},
  author={Verma, Sahil and Dickerson, John and Hines, Keegan},
  journal={arXiv preprint arXiv:2010.10596},
  year={2020}
}

@article{lang2021explaining,
  title={Explaining in Style: Training a GAN to explain a classifier in StyleSpace},
  author={Lang, Oran and Gandelsman, Yossi and Yarom, Michal and Wald, Yoav and Elidan, Gal and Hassidim, Avinatan and Freeman, William T and Isola, Phillip and Globerson, Amir and Irani, Michal and others},
  journal={arXiv preprint arXiv:2104.13369},
  year={2021}
}

@misc{guidotti2018survey,
      title={A Survey Of Methods For Explaining Black Box Models},
      author={Riccardo Guidotti and Anna Monreale and Salvatore Ruggieri and Franco Turini and Dino Pedreschi and Fosca Giannotti},
      year={2018},
      eprint={1802.01933},
      archivePrefix={arXiv},
      primaryClass={cs.CY}
}

@article{degrave2021ai,
  title={AI for radiographic COVID-19 detection selects shortcuts over signal},
  author={DeGrave, Alex J and Janizek, Joseph D and Lee, Su-In},
  journal={Nature Machine Intelligence},
  pages={1--10},
  year={2021},
  publisher={Nature Publishing Group}
}

@misc{cgn-github,
    author = {Axel Sauer and Andreas Geiger},
    title = {Counterfactual Generative Networks GitHub},
    year = {2021},
    publisher = {GitHub},
    journal = {GitHub repository},
    howpublished = {\url{https://github.com/autonomousvision/counterfactual_generative_networks}},
}

@misc{dcgan-tutorial,
    author = {Nathan Inkawhich},
    title = {DCGAN Tutorial},
    year = {2021},
    publisher = {PyTorch},
    journal = {PyTorch tutorial},
    howpublished = {\url{https://pytorch.org/tutorials/beginner/dcgan_faces_tutorial.html}},
}

@misc{in-mini,
    author = {Ilya Figotin},
    title = {ImageNet 1000 (Mini)},
    year = {2019},
    publisher = {Kaggle},
    howpublished = {\url{https://www.kaggle.com/ifigotin/imagenetmini-1000}},
}

@misc{alcorn2019strike,
      title={Strike (with) a Pose: Neural Networks Are Easily Fooled by Strange Poses of Familiar Objects},
      author={Michael A. Alcorn and Qi Li and Zhitao Gong and Chengfei Wang and Long Mai and Wei-Shinn Ku and Anh Nguyen},
      year={2019},
      eprint={1811.11553},
      archivePrefix={arXiv},
      primaryClass={cs.CV}
}

@misc{rosenfeld2018elephant,
      title={The Elephant in the Room},
      author={Amir Rosenfeld and Richard Zemel and John K. Tsotsos},
      year={2018},
      eprint={1808.03305},
      archivePrefix={arXiv},
      primaryClass={cs.CV}
}

@misc{ming2021impact,
      title={On the Impact of Spurious Correlation for Out-of-distribution Detection},
      author={Yifei Ming and Hang Yin and Yixuan Li},
      year={2021},
      eprint={2109.05642},
      archivePrefix={arXiv},
      primaryClass={cs.LG}
}

@article{olson2021counterfactual,
  title={Counterfactual state explanations for reinforcement learning agents via generative deep learning},
  author={Olson, Matthew L and Khanna, Roli and Neal, Lawrence and Li, Fuxin and Wong, Weng-Keen},
  journal={Artificial Intelligence},
  volume={295},
  pages={103455},
  year={2021},
  publisher={Elsevier}
}

@article{kaushik2019learning,
  title={Learning the difference that makes a difference with counterfactually-augmented data},
  author={Kaushik, Divyansh and Hovy, Eduard and Lipton, Zachary C},
  journal={arXiv preprint arXiv:1909.12434},
  year={2019}
}

@article{scholkopf2019causality,
  title={Causality for machine learning},
  author={Sch{\"o}lkopf, Bernhard},
  journal={arXiv preprint arXiv:1911.10500},
  year={2019}
}

@book{pearl2009causality,
  title={Causality},
  author={Pearl, Judea},
  year={2009},
  publisher={Cambridge university press}
}


