@inproceedings{abadi2016deep,
  title={Deep learning with differential privacy},
  author={Abadi, Martin and Chu, Andy and Goodfellow, Ian and McMahan, H Brendan and Mironov, Ilya and Talwar, Kunal and Zhang, Li},
  booktitle={Proceedings of the 2016 ACM SIGSAC Conference on Computer and Communications Security},
  pages={308--318},
  year={2016}
}

@inproceedings{gao2021privacy,
  title={Privacy-preserving collaborative learning with automatic transformation search},
  author={Gao, Wei and Guo, Shangwei and Zhang, Tianwei and Qiu, Han and Wen, Yonggang and Liu, Yang},
  booktitle={Proceedings of the IEEE/CVF Conference on Computer Vision and Pattern Recognition},
  pages={114--123},
  year={2021}
}

@article{yang2019federated,
  title={Federated machine learning: Concept and applications},
  author={Yang, Qiang and Liu, Yang and Chen, Tianjian and Tong, Yongxin},
  journal={ACM Transactions on Intelligent Systems and Technology (TIST)},
  volume={10},
  number={2},
  pages={1--19},
  year={2019},
  publisher={ACM New York, NY, USA}
}

@article{guo2020towards,
  title={Towards byzantine-resilient learning in decentralized systems},
  author={Guo, Shangwei and Zhang, Tianwei and Xie, Xiaofei and Ma, Lei and Xiang, Tao and Liu, Yang},
  journal={arXiv preprint arXiv:2002.08569},
  year={2020}
}

@inproceedings{melis2019exploiting,
  title={Exploiting unintended feature leakage in collaborative learning},
  author={Melis, Luca and Song, Congzheng and De Cristofaro, Emiliano and Shmatikov, Vitaly},
  booktitle={2019 IEEE Symposium on Security and Privacy (SP)},
  pages={691--706},
  year={2019},
  organization={IEEE}
}

@article{niknam2020federated,
  title={Federated learning for wireless communications: Motivation, opportunities, and challenges},
  author={Niknam, Solmaz and Dhillon, Harpreet S and Reed, Jeffrey H},
  journal={IEEE Communications Magazine},
  volume={58},
  number={6},
  pages={46--51},
  year={2020},
  publisher={IEEE}
}

@article{brisimi2018federated,
  title={Federated learning of predictive models from federated electronic health records},
  author={Brisimi, Theodora S and Chen, Ruidi and Mela, Theofanie and Olshevsky, Alex and Paschalidis, Ioannis Ch and Shi, Wei},
  journal={International journal of medical informatics},
  volume={112},
  pages={59--67},
  year={2018},
  publisher={Elsevier}
}

@article{geiping2020inverting,
  title={Inverting Gradients--How easy is it to break privacy in federated learning?},
  author={Geiping, Jonas and Bauermeister, Hartmut and Dr{\"o}ge, Hannah and Moeller, Michael},
  journal={arXiv preprint arXiv:2003.14053},
  year={2020}
}

@article{zhao2020idlg,
  title={idlg: Improved deep leakage from gradients},
  author={Zhao, Bo and Mopuri, Konda Reddy and Bilen, Hakan},
  journal={arXiv preprint arXiv:2001.02610},
  year={2020}
}

@inproceedings{zhu2019,
 author = {Zhu, Ligeng and Liu, Zhijian and Han, Song},
 booktitle = {Advances in Neural Information Processing Systems},
 editor = {H. Wallach and H. Larochelle and A. Beygelzimer and F. d\textquotesingle Alch\'{e}-Buc and E. Fox and R. Garnett},
 pages = {},
 publisher = {Curran Associates, Inc.},
 title = {Deep Leakage from Gradients},
 url = {https://proceedings.neurips.cc/paper/2019/file/60a6c4002cc7b29142def8871531281a-Paper.pdf},
 volume = {32},
 year = {2019}
}

@article{kang2019,
  author    = {Jiawen Kang and
               Zehui Xiong and
               Dusit Niyato and
               Yuze Zou and
               Yang Zhang and
               Mohsen Guizani},
  title     = {Reliable Federated Learning for Mobile Networks},
  journal   = {CoRR},
  volume    = {abs/1910.06837},
  year      = {2019},
  url       = {http://arxiv.org/abs/1910.06837},
  eprinttype = {arXiv},
  eprint    = {1910.06837},
  timestamp = {Wed, 16 Oct 2019 16:25:53 +0200},
  biburl    = {https://dblp.org/rec/journals/corr/abs-1910-06837.bib},
  bibsource = {dblp computer science bibliography, https://dblp.org}
}

@INPROCEEDINGS{hore2010,
  author={Hor√©, Alain and Ziou, Djemel},
  booktitle={2010 20th International Conference on Pattern Recognition}, 
  title={Image Quality Metrics: PSNR vs. SSIM}, 
  year={2010},
  volume={},
  number={},
  pages={2366-2369},
  doi={10.1109/ICPR.2010.579}}
  
  @article{stigler1989,
author = {Stephen M. Stigler},
title = {{Francis Galton's Account of the Invention of Correlation}},
volume = {4},
journal = {Statistical Science},
number = {2},
publisher = {Institute of Mathematical Statistics},
pages = {73 -- 79},
keywords = {Correlation, Galton, Pearson, regression},
year = {1989},
doi = {10.1214/ss/1177012580},
URL = {https://doi.org/10.1214/ss/1177012580}
}

@inproceedings{cubuk2019autoaugment,
  title={Autoaugment: Learning augmentation strategies from data},
  author={Cubuk, Ekin D and Zoph, Barret and Mane, Dandelion and Vasudevan, Vijay and Le, Quoc V},
  booktitle={Proceedings of the IEEE/CVF Conference on Computer Vision and Pattern Recognition},
  pages={113--123},
  year={2019}
}

@inproceedings{mellor2021neural,
    title={Neural Architecture Search without Training},
    author={Joseph Mellor and Jack Turner and Amos Storkey and Elliot J. Crowley},
    year={2021},
    booktitle={International Conference on Machine Learning}
}

@incollection{pytorch2019,
title = {PyTorch: An Imperative Style, High-Performance Deep Learning Library},
author = {Paszke, Adam and Gross, Sam and Massa, Francisco and Lerer, Adam and Bradbury, James and Chanan, Gregory and Killeen, Trevor and Lin, Zeming and Gimelshein, Natalia and Antiga, Luca and Desmaison, Alban and Kopf, Andreas and Yang, Edward and DeVito, Zachary and Raison, Martin and Tejani, Alykhan and Chilamkurthy, Sasank and Steiner, Benoit and Fang, Lu and Bai, Junjie and Chintala, Soumith},
booktitle = {Advances in Neural Information Processing Systems 32},
pages = {8024--8035},
year = {2019},
publisher = {Curran Associates, Inc.},
url = {http://papers.neurips.cc/paper/9015-pytorch-an-imperative-style-high-performance-deep-learning-library.pdf}
}

@article{krizhevsky2009learning,
  title={Learning multiple layers of features from tiny images},
  author={Krizhevsky, Alex and Hinton, Geoffrey and others},
  year={2009},
  publisher={Citeseer}
}

@misc{xiao2017fashionmnist,
      title={Fashion-MNIST: a Novel Image Dataset for Benchmarking Machine Learning Algorithms}, 
      author={Han Xiao and Kashif Rasul and Roland Vollgraf},
      year={2017},
      eprint={1708.07747},
      archivePrefix={arXiv},
      primaryClass={cs.LG}
}

@article{lecun1998gradient,
  title={Gradient-based learning applied to document recognition},
  author={LeCun, Yann and Bottou, L{\'e}on and Bengio, Yoshua and Haffner, Patrick},
  journal={Proceedings of the IEEE},
  volume={86},
  number={11},
  pages={2278--2324},
  year={1998},
  publisher={Ieee}
}

@inproceedings{imagenet_cvpr09,
        AUTHOR = {Deng, J. and Dong, W. and Socher, R. and Li, L.-J. and Li, K. and Fei-Fei, L.},
        TITLE = {{ImageNet: A Large-Scale Hierarchical Image Database}},
        BOOKTITLE = {CVPR09},
        YEAR = {2009},
        BIBSOURCE = "http://www.image-net.org/papers/imagenet_cvpr09.bib"}
        
@inproceedings{he2016deep,
  title={Deep residual learning for image recognition},
  author={He, Kaiming and Zhang, Xiangyu and Ren, Shaoqing and Sun, Jian},
  booktitle={Proceedings of the IEEE conference on computer vision and pattern recognition},
  pages={770--778},
  year={2016}
}

@article{wei2020,
  author    = {Wenqi Wei and
               Ling Liu and
               Margaret Loper and
               Ka Ho Chow and
               Mehmet Emre Gursoy and
               Stacey Truex and
               Yanzhao Wu},
  title     = {A Framework for Evaluating Gradient Leakage Attacks in Federated Learning},
  journal   = {CoRR},
  volume    = {abs/2004.10397},
  year      = {2020},
  url       = {https://arxiv.org/abs/2004.10397},
  eprinttype = {arXiv},
  eprint    = {2004.10397},
  timestamp = {Tue, 28 Apr 2020 16:10:02 +0200},
  biburl    = {https://dblp.org/rec/journals/corr/abs-2004-10397.bib},
  bibsource = {dblp computer science bibliography, https://dblp.org}
}
