@inproceedings{ribeiro2016should,
  title={"Why should i trust you?" Explaining the predictions of any classifier},
  author={Ribeiro, Marco Tulio and Singh, Sameer and Guestrin, Carlos},
  booktitle={Proceedings of the 22nd ACM SIGKDD International Conference on Knowledge Discovery and Data Mining},
  pages={1135--1144},
  year={2016}
}

@inproceedings{abadi2016deep,
  title={Deep learning with differential privacy},
  author={Abadi, Martin and Chu, Andy and Goodfellow, Ian and McMahan, H Brendan and Mironov, Ilya and Talwar, Kunal and Zhang, Li},
  booktitle={Proceedings of the 2016 ACM SIGSAC Conference on Computer and Communications Security},
  pages={308--318},
  year={2016}
}

@article{levanon2021strategic,
  title={Strategic Classification Made Practical},
  author={Levanon, Sagi and Rosenfeld, Nir},
  journal={arXiv preprint arXiv:2103.01826},
  year={2021}
}

@inproceedings{hardt2016strategic,
  title={Strategic classification},
  author={Hardt, Moritz and Megiddo, Nimrod and Papadimitriou, Christos and Wootters, Mary},
  booktitle={Proceedings of the 2016 ACM conference on innovations in theoretical computer science},
  pages={111--122},
  year={2016}
}

@inproceedings{ustun2019actionable,
  title={Actionable recourse in linear classification},
  author={Ustun, Berk and Spangher, Alexander and Liu, Yang},
  booktitle={Proceedings of the Conference on Fairness, Accountability, and Transparency},
  pages={10--19},
  year={2019}
}

@misc{credit_fraud,
  author = {Machine Learning Group - ULB},
  title = {Credit Card Fraud Detection:Anonymized credit card transactions labeled as fraudulent or genuine},
  year = {2018},
  note = {data retrieved from Kaggle, 
          \url{https://www.kaggle.com/mlg-ulb/creditcardfraud}},
}

@misc{financial_distress,
  author = {Machine Learning Group - ULB},
  title = {Financial Distress Prediction: Bankruptcy Prediction},
  year = {2018},
  note = {data retrieved from Kaggle, 
          \url{https://www.kaggle.com/shebrahimi/financial-distress}},
}

@article{spam_data,
    title = {Pollution, bad-mouthing, and local marketing: The underground of location-based social networks},
    journal = {Information Sciences},
    volume = {279},
    pages = {123-137},
    year = {2014},
    issn = {0020-0255},
    doi = {https://doi.org/10.1016/j.ins.2014.03.108},
    url = {https://www.sciencedirect.com/science/article/pii/S0020025514004058},
    author = {Helen Costa and Luiz H.C. Merschmann and Fabrício Barth and Fabrício Benevenuto},
    keywords = {Location-based social network, Social network, Tip spam, Tip analysis},
}
