@inproceedings{davidson_2017,
    author={Davidson, Thomas and Warmsley, Dana and Macy, Michael and Weber, Ingmar},
    year={2017},
    month={May},
    title={Automated Hate Speech Detection and the Problem of Offensive Language},
    volume={11},
    url={https://ojs.aaai.org/index.php/ICWSM/article/view/14955},
    booktitle={Proceedings of the International AAAI Conference on Web and Social Media},
    pages={512-515}
}

@inproceedings{basile_semeval,
    title={{S}em{E}val-2019 Task 5: Multilingual Detection of Hate Speech Against Immigrants and Women in {T}witter},
    author={Basile, Valerio and Bosco, Cristina and Fersini, Elisabetta and Nozza, Debora and Patti, Viviana and Rangel Pardo, Francisco Manuel and Rosso, Paolo and Sanguinetti, Manuela},
    booktitle={Proceedings of the 13th International Workshop on Semantic Evaluation},
    month={jun},
    year={2019},
    publisher={Association for Computational Linguistics},
    url={https://aclanthology.org/S19-2007},
    doi={10.18653/v1/S19-2007},
    pages={54--63}
}

@inproceedings{original_zhou,
    title={Hate Speech Detection Based on Sentiment Knowledge Sharing},
    author={Zhou, Xianbing and Yong, Yang and Fan, Xiaochao and Ren, Ge and Song, Yunfeng and Diao, Yufeng and Yang, Liang and Lin, Hongfei},
    booktitle={Proceedings of the 59th Annual Meeting of the Association for Computational Linguistics and the 11th International Joint Conference on Natural Language Processing (Volume 1: Long Papers)},
    month={aug},
    year={2021},
    publisher={Association for Computational Linguistics},
    url={https://aclanthology.org/2021.acl-long.556},
    doi={10.18653/v1/2021.acl-long.556},
    pages={7158--7166}
}

@article{yin_arkaitz,
    title={Towards generalisable hate speech detection: a review on obstacles and solutions},
    author={Yin, Wenjie and Zubiaga, Arkaitz},
    journal={PeerJ Computer Science},
    volume={7},
    pages={e598},
    year={2021},
    publisher={PeerJ Computer Science}
}

@article{vaswani_attention,
    title={Attention Is All You Need}, 
    author={Ashish Vaswani and Noam Shazeer and Niki Parmar and Jakob Uszkoreit and Llion Jones and Aidan N. Gomez and Lukasz Kaiser and Illia Polosukhin},
    year={2017},
    journal={arXiv},
    primaryClass={cs.CL}
}

@misc{shen_2018,
    title={On the Use of Word Embeddings Alone to Represent Natural Language Sequences},
    author={Dinghan Shen and Guoyin Wang and Wenlin Wang and Martin Renqiang Min and Qinliang Su and Yizhe Zhang and Ricardo Henao and Lawrence Carin},
    year={2018},
    url={https://openreview.net/forum?id=Sy5OAyZC-}
}

@article{tensorflow2015,
    title={ {TensorFlow}: Large-Scale Machine Learning on Heterogeneous Systems},
    url={https://www.tensorflow.org/},
    note={Software available from tensorflow.org},
    author={Mart\'{\i}n~Abadi and Ashish~Agarwal and Paul~Barham and Eugene~Brevdo and Zhifeng~Chen and Craig~Citro and Greg~S.~Corrado and Andy~Davis and Jeffrey~Dean and Matthieu~Devin and Sanjay~Ghemawat and Ian~Goodfellow and Andrew~Harp and Geoffrey~Irving and Michael~Isard and Yangqing Jia and Rafal~Jozefowicz and Lukasz~Kaiser and Manjunath~Kudlur and Josh~Levenberg and Dandelion~Man\'{e} and Rajat~Monga and Sherry~Moore and Derek~Murray and Chris~Olah and Mike~Schuster and Jonathon~Shlens and Benoit~Steiner and Ilya~Sutskever and Kunal~Talwar and Paul~Tucker and Vincent~Vanhoucke and Vijay~Vasudevan and Fernanda~Vi\'{e}gas and Oriol~Vinyals and Pete~Warden and Martin~Wattenberg and Martin~Wicke and Yuan~Yu and Xiaoqiang~Zheng},
    year={2015},
}

@article{shazeer_2017,
    title={Outrageously Large Neural Networks: The Sparsely-Gated Mixture-of-Experts Layer}, 
    author={Noam Shazeer and Azalia Mirhoseini and Krzysztof Maziarz and Andy Davis and Quoc Le and Geoffrey Hinton and Jeff Dean},
    year={2017},
    eprint={1701.06538},
    archivePrefix={arXiv},
    primaryClass={cs.LG}
}

@inproceedings{ma_2018,
    author = {Ma, Jiaqi and Zhao, Zhe and Yi, Xinyang and Chen, Jilin and Hong, Lichan and Chi, Ed H.},
    title = {Modeling Task Relationships in Multi-Task Learning with Multi-Gate Mixture-of-Experts},
    year = {2018},
    publisher = {Association for Computing Machinery},
    address = {New York, NY, USA},
    url = {https://doi.org/10.1145/3219819.3220007},
    doi = {10.1145/3219819.3220007},
    booktitle = {Proceedings of the 24th ACM SIGKDD International Conference on Knowledge Discovery \& Data Mining},
    pages = {1930--1939},
    numpages = {10},
    location = {London, United Kingdom},
    series = {KDD '18}
}

@inproceedings{Schmidt_2017,
    title = {A Survey on Hate Speech Detection using Natural Language Processing},
    author = {Anna Schmidt and Michael Wiegand},
    booktitle = {SocialNLP@EACL},
    year = {2017}
}