@inproceedings{imagenet,
  title={Imagenet: A large-scale hierarchical image database},
  author={Deng, Jia and Dong, Wei and Socher, Richard and Li, Li-Jia and Li, Kai and Fei-Fei, Li},
  booktitle={2009 IEEE conference on computer vision and pattern recognition},
  pages={248--255},
  year={2009},
  organization={Ieee}
}

@InProceedings{con-text,
author    = "Sezer Karaoglu and Ran Tao and Jan van Gemert and Theo Gevers",
title     = "Con-Text: Text Detection for Fine-grained Object Classification",
booktitle = "IEEE Transactions on Image Processing (TIP)",
year      = "2017"
}

  @Book{wordnet,
    title = {WordNet: An Electronic Lexical Database},
    author = {Christiane Fellbaum},
    year = {1998},
    publisher = {Bradford Books},
  }
 
@techreport{cub-200,
	Title = {{The Caltech-UCSD Birds-200-2011 Dataset}},
	Author = {Wah, C. and Branson, S. and Welinder, P. and Perona, P. and Belongie, S.},
	Year = {2011}
	Institution = {California Institute of Technology},
	Number = {CNS-TR-2011-001}
}

@misc{acrima, title={CNNs for Automatic Glaucoma Assessment using Fundus Images: An Extensive Validation}, url={https://figshare.com/articles/dataset/CNNs_for_Automatic_Glaucoma_Assessment_using_Fundus_Images_An_Extensive_Validation/7613135/1}, DOI={10.6084/m9.figshare.7613135.v1}, abstractNote={A new clinical database, ACRIMA, has been made publicly available, containing 705 labelled images. It is composed of 396 glaucomatous images and 309 normal images. Additionally, python scripts used to obtain the presented results are also available.
}, publisher={figshare}, author={Diaz-Pinto, Andres and Morales, Sandra and Naranjo, Valery and Köhler, Thomas and Mossi, Jose M. and Navea, Amparo}, year={2019}, month={Mar} } 

@article{scouter,
  author    = {Liangzhi Li and
               Bowen Wang and
               Manisha Verma and
               Yuta Nakashima and
               Ryo Kawasaki and
               Hajime Nagahara},
  title     = {{SCOUTER:} Slot Attention-based Classifier for Explainable Image Recognition},
  journal   = {CoRR},
  volume    = {abs/2009.06138},
  year      = {2020},
  url       = {https://arxiv.org/abs/2009.06138},
  eprinttype = {arXiv},
  eprint    = {2009.06138},
  timestamp = {Fri, 18 Sep 2020 15:17:35 +0200},
  biburl    = {https://dblp.org/rec/journals/corr/abs-2009-06138.bib},
  bibsource = {dblp computer science bibliography, https://dblp.org}
}

@misc{coco,
      title={Microsoft COCO: Common Objects in Context}, 
      author={Tsung-Yi Lin and Michael Maire and Serge Belongie and Lubomir Bourdev and Ross Girshick and James Hays and Pietro Perona and Deva Ramanan and C. Lawrence Zitnick and Piotr Dollár},
      year={2015},
      eprint={1405.0312},
      archivePrefix={arXiv},
      primaryClass={cs.CV}
}

@inproceedings{rise,
  title = {RISE: Randomized Input Sampling for Explanation of Black-box Models},
  author = {Vitali Petsiuk and Abir Das and Kate Saenko},
  booktitle = {Proceedings of the British Machine Vision Conference (BMVC)},
  year = {2018}
}

@article{fidelity,
  title={On the (in) fidelity and sensitivity of explanations},
  author={Yeh, Chih-Kuan and Hsieh, Cheng-Yu and Suggala, Arun and Inouye, David I and Ravikumar, Pradeep K},
  journal={Advances in Neural Information Processing Systems},
  volume={32},
  pages={10967--10978},
  year={2019}
}



@article{DBLP:journals/corr/abs-2005-12872,
  author    = {Nicolas Carion and
               Francisco Massa and
               Gabriel Synnaeve and
               Nicolas Usunier and
               Alexander Kirillov and
               Sergey Zagoruyko},
  title     = {End-to-End Object Detection with Transformers},
  journal   = {CoRR},
  volume    = {abs/2005.12872},
  year      = {2020},
  url       = {https://arxiv.org/abs/2005.12872},
  eprinttype = {arXiv},
  eprint    = {2005.12872},
  timestamp = {Thu, 28 May 2020 17:38:09 +0200},
  biburl    = {https://dblp.org/rec/journals/corr/abs-2005-12872.bib},
  bibsource = {dblp computer science bibliography, https://dblp.org}
}

@misc{resnest,
      title={ResNeSt: Split-Attention Networks}, 
      author={Hang Zhang and Chongruo Wu and Zhongyue Zhang and Yi Zhu and Haibin Lin and Zhi Zhang and Yue Sun and Tong He and Jonas Mueller and R. Manmatha and Mu Li and Alexander Smola},
      year={2020},
      eprint={2004.08955},
      archivePrefix={arXiv},
      primaryClass={cs.CV}
}

@article{DBLP:journals/corr/abs-1902-09630,
  author    = {Seyed Hamid Rezatofighi and
               Nathan Tsoi and
               JunYoung Gwak and
               Amir Sadeghian and
               Ian D. Reid and
               Silvio Savarese},
  title     = {Generalized Intersection over Union: {A} Metric and {A} Loss for Bounding
               Box Regression},
  journal   = {CoRR},
  volume    = {abs/1902.09630},
  year      = {2019},
  url       = {http://arxiv.org/abs/1902.09630},
  eprinttype = {arXiv},
  eprint    = {1902.09630},
  timestamp = {Tue, 21 May 2019 18:03:36 +0200},
  biburl    = {https://dblp.org/rec/journals/corr/abs-1902-09630.bib},
  bibsource = {dblp computer science bibliography, https://dblp.org}
}

@techreport{cub-200-old,
	Author = {P. Welinder and S. Branson and T. Mita and C. Wah and F. Schroff and S. Belongie and P. Perona},
	Institution = {California Institute of Technology},
	Number = {CNS-TR-2010-001},
	Title = {{Caltech-UCSD Birds 200}},
	Year = {2010}
}

@inproceedings{gradcam,
  title={Deep residual learning for image recognition},
  author={He, Kaiming and Zhang, Xiangyu and Ren, Shaoqing and Sun, Jian},
  booktitle={Proceedings of the IEEE conference on computer vision and pattern recognition},
  pages={770--778},
  year={2016}
}

@inproceedings{igos,
  title={Visualizing Deep Networks by Optimizing with Integrated Gradients.},
  author={Qi, Zhongang and Khorram, Saeed and Li, Fuxin},
  booktitle={CVPR Workshops},
  volume={2},
  year={2019}
}

@article{IBA,
  title={Restricting the flow: Information bottlenecks for attribution},
  author={Schulz, Karl and Sixt, Leon and Tombari, Federico and Landgraf, Tim},
  journal={arXiv preprint arXiv:2001.00396},
  year={2020}
}

@article{slot_attention,
  title={Object-centric learning with slot attention},
  author={Locatello, Francesco and Weissenborn, Dirk and Unterthiner, Thomas and Mahendran, Aravindh and Heigold, Georg and Uszkoreit, Jakob and Dosovitskiy, Alexey and Kipf, Thomas},
  journal={Advances in Neural Information Processing Systems},
  volume={33},
  pages={11525--11538},
  year={2020}
}

@article{scikit-learn,
 title={Scikit-learn: Machine Learning in {P}ython},
 author={Pedregosa, F. and Varoquaux, G. and Gramfort, A. and Michel, V.
         and Thirion, B. and Grisel, O. and Blondel, M. and Prettenhofer, P.
         and Weiss, R. and Dubourg, V. and Vanderplas, J. and Passos, A. and
         Cournapeau, D. and Brucher, M. and Perrot, M. and Duchesnay, E.},
 journal={Journal of Machine Learning Research},
 volume={12},
 pages={2825--2830},
 year={2011}
}

@book{nltk,
  title={Natural language processing with Python: analyzing text with the natural language toolkit},
  author={Bird, Steven and Klein, Ewan and Loper, Edward},
  year={2009},
  publisher={" O'Reilly Media, Inc."}
}

@article{patterns,
  title={Explaining the rationale of deep learning glaucoma decisions with adversarial examples},
  author={Chang, Jooyoung and Lee, Jinho and Ha, Ahnul and Han, Young Soo and Bak, Eunoo and Choi, Seulggie and Yun, Jae Moon and Kang, Uk and Shin, Il Hyung and Shin, Joo Young and others},
  journal={Ophthalmology},
  volume={128},
  number={1},
  pages={78--88},
  year={2021},
  publisher={Elsevier}
}
