@article{Sinha:2021,
  author = {Sinha, Koustuv and Dodge, Jesse and Luccioni, Sasha and Forde, Jessica Zosa and Stojnic, Robert and Pineau, Joelle},
  title = {{ML Reproducibility Challenge 2020}},
  journal = {ReScience C},
  year = {2021},
  month = may,
  volume = {7},
  number = {2},
  pages = {1},
  doi = {10.5281/zenodo.4833117},
  url = {https://zenodo.org/record/4833117/files/article.pdf},
  type = {Editorial},
  keywords = {machine learning, neurips, reproducibility challenge}
}

@article{Rougier:2018,
  doi = {10.1038/d41586-018-04628-w},
  year = {2018},
  month = apr,
  publisher = {Springer Nature},
  volume = {556},
  number = {7701},
  pages = {309--309},
  author = {Rougier, Nicolas P. and Hinsen, Konrad},
  title = {Code reviewing puts extra demands on referees },
  journal = {Nature},
}

@article{Science:2018,
  doi = {10.1126/science.359.6377.725},
  author = {Hutson, Matthew},
  url = {http://science.sciencemag.org/content/359/6377/725},
  year = {2018},
  month = feb,
  volume = {359},
  number = {6377},
  title = {Artificial intelligence faces a replication crisis},
  journal = {Science},
}

@Misc{Roboto:2011,
  author =       {Christian Robertson},
  title =        {The Roboto family of fonts (Google)},
  url =          {https://github.com/google/roboto},
  year =         2011,
  note =         {Apache License, verison 2.0},
}

@Misc{SourceSerifPro:2014,
  author =       {Frank Grießhammer},
  title =        {Source Serif Pro (Adobe Systems)},
  url =          {https://github.com/adobe-fonts/source-serif-pro},
  year =         2014,
  note =         {SIL Open Font License, version 1.1},
}

@Misc{SourceCodePro:2012,
  author =       {Paul D. Hunt},
  title =        {Source Code Pro (Adobe Systems)},
  url =          {https://github.com/adobe-fonts/source-code-pro},
  year =         2012,
  note =         {SIL Open Font License, version 1.1},
}

@article{Topalidou:2015,
  author =       {Topalidou, Meropi and Rougier, Nicolas P.},
  title =        {{[Re] Interaction between cognitive and motor cortico-basal
                  ganglia loops during decision making: a computational study}},
  journal =      {ReScience},
  year =         2015,
  volume =       1,
  number =       1,
  doi =          {10.5281/zenodo.27944},
}

@article{Rougier:2017,
  doi =          {10.7717/peerj-cs.142},
  author =       {Nicolas P. Rougier and Konrad Hinsen and Frédéric Alexandre
                  and Thomas Arildsen and Lorena Barba and Fabien
                  C. Y. Benureau and C. Titus Brown and Pierre de Buyl and Ozan
                  Caglayan and Andrew P. Davison and Marc André Delsuc and
                  Georgios Detorakis and Alexandra K. Diem and Damien Drix and
                  Pierre Enel and Benoît Girard and Olivia Guest and Matt
                  G. Hall and Rafael Neto Henriques and Xavier Hinaut and Kamil
                  S Jaron and Mehdi Khamassi and Almar Klein and Tiina Manninen
                  and Pietro Marchesi and Dan McGlinn and Christoph Metzner and
                  Owen L. Petchey and Hans Ekkehard Plesser and Timothée Poisot
                  and Karthik Ram and Yoav Ram and Etienne Roesch and Cyrille
                  Rossant and Vahid Rostami and Aaron Shifman and Joseph
                  Stachelek and Marcel Stimberg and Frank Stollmeier and
                  Federico Vaggi and Guillaume Viejo and Julien Vitay and Anya
                  Vostinar and Roman Yurchak and Tiziano Zito},
  title =        {{Sustainable computational science: the ReScience
                  initiative}},
  journal =      {{PeerJ} Computer Science},
  month =        12,
  volume =       3,
  pages =        {e142},
  year =         2017,
  github =       {https://github.com/ReScience/ReScience-article-2},
  keywords =     {journal},
  tags =         {OS},
}

@misc{pca_wiki,
  author = "{Wikipedia contributors}",
  title = "Principal component analysis --- {Wikipedia}{,} The Free Encyclopedia",
  year = "2022",
  url = "https://en.wikipedia.org/w/index.php?title=Principal_component_analysis&oldid=1070303429",
  note = "[Online; accessed 2-May-2022]"
}

@inproceedings{GANSpace,
  title     = {GANSpace: Discovering Interpretable GAN Controls},
  author    = {Erik Härkönen and Aaron Hertzmann and Jaakko Lehtinen and Sylvain Paris},
  booktitle = {Proc. NeurIPS},
  year      = {2020}
}

@inproceedings{gan,
  author    = {Ian J. Goodfellow and
               Jean Pouget{-}Abadie and
               Mehdi Mirza and
               Bing Xu and
               David Warde{-}Farley and
               Sherjil Ozair and
               Aaron C. Courville and
               Yoshua Bengio},
  editor    = {Zoubin Ghahramani and
               Max Welling and
               Corinna Cortes and
               Neil D. Lawrence and
               Kilian Q. Weinberger},
  title     = {Generative Adversarial Nets},
  booktitle = {Advances in Neural Information Processing Systems 27: Annual Conference
               on Neural Information Processing Systems 2014, December 8-13 2014,
               Montreal, Quebec, Canada},
  pages     = {2672--2680},
  year      = {2014},
  url       = {https://proceedings.neurips.cc/paper/2014/hash/5ca3e9b122f61f8f06494c97b1afccf3-Abstract.html},
  timestamp = {Thu, 21 Jan 2021 15:15:23 +0100},
  biburl    = {https://dblp.org/rec/conf/nips/GoodfellowPMXWOCB14.bib},
  bibsource = {dblp computer science bibliography, https://dblp.org}
}

@inproceedings{stylegan,
  author    = {Tero Karras and
               Samuli Laine and
               Timo Aila},
  title     = {A Style-Based Generator Architecture for Generative Adversarial Networks},
  booktitle = {{IEEE} Conference on Computer Vision and Pattern Recognition, {CVPR}
               2019, Long Beach, CA, USA, June 16-20, 2019},
  pages     = {4401--4410},
  publisher = {Computer Vision Foundation / {IEEE}},
  year      = {2019},
  url       = {http://openaccess.thecvf.com/content\_CVPR\_2019/html/Karras\_A\_Style-Based\_Generator\_Architecture\_for\_Generative\_Adversarial\_Networks\_CVPR\_2019\_paper.html},
  doi       = {10.1109/CVPR.2019.00453},
  timestamp = {Thu, 27 Aug 2020 07:31:34 +0200},
  biburl    = {https://dblp.org/rec/conf/cvpr/KarrasLA19.bib},
  bibsource = {dblp computer science bibliography, https://dblp.org}
}

@inproceedings{stylegan2,
  author    = {Tero Karras and
               Samuli Laine and
               Miika Aittala and
               Janne Hellsten and
               Jaakko Lehtinen and
               Timo Aila},
  title     = {Analyzing and Improving the Image Quality of StyleGAN},
  booktitle = {2020 {IEEE/CVF} Conference on Computer Vision and Pattern Recognition,
               {CVPR} 2020, Seattle, WA, USA, June 13-19, 2020},
  pages     = {8107--8116},
  publisher = {{IEEE}},
  year      = {2020},
  url       = {https://doi.org/10.1109/CVPR42600.2020.00813},
  doi       = {10.1109/CVPR42600.2020.00813},
  timestamp = {Tue, 11 Aug 2020 16:59:49 +0200},
  biburl    = {https://dblp.org/rec/conf/cvpr/KarrasLAHLA20.bib},
  bibsource = {dblp computer science bibliography, https://dblp.org}
}

@inproceedings{biggan,
  author    = {Andrew Brock and
               Jeff Donahue and
               Karen Simonyan},
  title     = {Large Scale {GAN} Training for High Fidelity Natural Image Synthesis},
  booktitle = {7th International Conference on Learning Representations, {ICLR} 2019,
               New Orleans, LA, USA, May 6-9, 2019},
  publisher = {OpenReview.net},
  year      = {2019},
  url       = {https://openreview.net/forum?id=B1xsqj09Fm},
  timestamp = {Thu, 25 Jul 2019 13:03:18 +0200},
  biburl    = {https://dblp.org/rec/conf/iclr/BrockDS19.bib},
  bibsource = {dblp computer science bibliography, https://dblp.org}
}

@inproceedings{supervised,
  author    = {Yujun Shen and
               Jinjin Gu and
               Xiaoou Tang and
               Bolei Zhou},
  title     = {Interpreting the Latent Space of GANs for Semantic Face Editing},
  booktitle = {2020 {IEEE/CVF} Conference on Computer Vision and Pattern Recognition,
               {CVPR} 2020, Seattle, WA, USA, June 13-19, 2020},
  pages     = {9240--9249},
  publisher = {{IEEE}},
  year      = {2020},
  url       = {https://doi.org/10.1109/CVPR42600.2020.00926},
  doi       = {10.1109/CVPR42600.2020.00926},
  timestamp = {Tue, 11 Aug 2020 16:59:49 +0200},
  biburl    = {https://dblp.org/rec/conf/cvpr/ShenGTZ20.bib},
  bibsource = {dblp computer science bibliography, https://dblp.org}
}