@misc{shi2021lifting,
      title={Lifting 2D StyleGAN for 3D-Aware Face Generation}, 
      author={Yichun Shi and Divyansh Aggarwal and Anil K. Jain},
      year={2021},
      eprint={2011.13126},
      archivePrefix={arXiv},
      primaryClass={cs.CV}
}

@misc{tian2018crgan,
      title={CR-GAN: Learning Complete Representations for Multi-view Generation}, 
      author={Yu Tian and Xi Peng and Long Zhao and Shaoting Zhang and Dimitris N. Metaxas},
      year={2018},
      eprint={1806.11191},
      archivePrefix={arXiv},
      primaryClass={cs.CV}
}

@INPROCEEDINGS{8099624,
  author={Tran, Luan and Yin, Xi and Liu, Xiaoming},
  booktitle={2017 IEEE Conference on Computer Vision and Pattern Recognition (CVPR)}, 
  title={Disentangled Representation Learning GAN for Pose-Invariant Face Recognition}, 
  year={2017},
  volume={},
  number={},
  pages={1283-1292},
  doi={10.1109/CVPR.2017.141}
}
  
@INPROCEEDINGS{8578974,
  author={Hu, Yibo and Wu, Xiang and Yu, Bing and He, Ran and Sun, Zhenan},
  booktitle={2018 IEEE/CVF Conference on Computer Vision and Pattern Recognition}, 
  title={Pose-Guided Photorealistic Face Rotation}, 
  year={2018},
  volume={},
  number={},
  pages={8398-8406},
  doi={10.1109/CVPR.2018.00876}
  
}
  
@misc{deng2020disentangled,
      title={Disentangled and Controllable Face Image Generation via 3D Imitative-Contrastive Learning}, 
      author={Yu Deng and Jiaolong Yang and Dong Chen and Fang Wen and Xin Tong},
      year={2020},
      eprint={2004.11660},
      archivePrefix={arXiv},
      primaryClass={cs.CV}
}

@misc{nguyenphuoc2019hologan,
      title={HoloGAN: Unsupervised learning of 3D representations from natural images}, 
      author={Thu Nguyen-Phuoc and Chuan Li and Lucas Theis and Christian Richardt and Yong-Liang Yang},
      year={2019},
      eprint={1904.01326},
      archivePrefix={arXiv},
      primaryClass={cs.CV}
}

@misc{heusel2018gans,
      title={GANs Trained by a Two Time-Scale Update Rule Converge to a Local Nash Equilibrium}, 
      author={Martin Heusel and Hubert Ramsauer and Thomas Unterthiner and Bernhard Nessler and Sepp Hochreiter},
      year={2018},
      eprint={1706.08500},
      archivePrefix={arXiv},
      primaryClass={cs.LG}
}

@incollection{NEURIPS2019_9015,
title = {PyTorch: An Imperative Style, High-Performance Deep Learning Library},
author = {Paszke, Adam and Gross, Sam and Massa, Francisco and Lerer, Adam and Bradbury, James and Chanan, Gregory and Killeen, Trevor and Lin, Zeming and Gimelshein, Natalia and Antiga, Luca and Desmaison, Alban and Kopf, Andreas and Yang, Edward and DeVito, Zachary and Raison, Martin and Tejani, Alykhan and Chilamkurthy, Sasank and Steiner, Benoit and Fang, Lu and Bai, Junjie and Chintala, Soumith},
booktitle = {Advances in Neural Information Processing Systems 32},
editor = {H. Wallach and H. Larochelle and A. Beygelzimer and F. d\textquotesingle Alch\'{e}-Buc and E. Fox and R. Garnett},
pages = {8024--8035},
year = {2019},
publisher = {Curran Associates, Inc.},
url = {http://papers.neurips.cc/paper/9015-pytorch-an-imperative-style-high-performance-deep-learning-library.pdf}
}

@misc{karras2019stylebased,
      title={A Style-Based Generator Architecture for Generative Adversarial Networks}, 
      author={Tero Karras and Samuli Laine and Timo Aila},
      year={2019},
      eprint={1812.04948},
      archivePrefix={arXiv},
      primaryClass={cs.NE}
}

@misc{choi2020stargan,
      title={StarGAN v2: Diverse Image Synthesis for Multiple Domains}, 
      author={Yunjey Choi and Youngjung Uh and Jaejun Yoo and Jung-Woo Ha},
      year={2020},
      eprint={1912.01865},
      archivePrefix={arXiv},
      primaryClass={cs.CV}
}

@inproceedings{liu2015faceattributes,
  title = {Deep Learning Face Attributes in the Wild},
  author = {Liu, Ziwei and Luo, Ping and Wang, Xiaogang and Tang, Xiaoou},
  booktitle = {Proceedings of International Conference on Computer Vision (ICCV)},
  month = {December},
  year = {2015} 
}

@misc{karras2020analyzing,
      title={Analyzing and Improving the Image Quality of StyleGAN}, 
      author={Tero Karras and Samuli Laine and Miika Aittala and Janne Hellsten and Jaakko Lehtinen and Timo Aila},
      year={2020},
      eprint={1912.04958},
      archivePrefix={arXiv},
      primaryClass={cs.CV}
}

@misc{johnson2016perceptual,
      title={Perceptual Losses for Real-Time Style Transfer and Super-Resolution}, 
      author={Justin Johnson and Alexandre Alahi and Li Fei-Fei},
      year={2016},
      eprint={1603.08155},
      archivePrefix={arXiv},
      primaryClass={cs.CV}
}

@misc{simonyan2015deep,
      title={Very Deep Convolutional Networks for Large-Scale Image Recognition}, 
      author={Karen Simonyan and Andrew Zisserman},
      year={2015},
      eprint={1409.1556},
      archivePrefix={arXiv},
      primaryClass={cs.CV}
}