@article{Sinha:2021,
  author = {Sinha, Koustuv and Dodge, Jesse and Luccioni, Sasha and Forde, Jessica Zosa and Stojnic, Robert and Pineau, Joelle},
  title = {{ML Reproducibility Challenge 2020}},
  journal = {ReScience C},
  year = {2021},
  month = may,
  volume = {7},
  number = {2},
  pages = {1},
  doi = {10.5281/zenodo.4833117},
  url = {https://zenodo.org/record/4833117/files/article.pdf},
  type = {Editorial},
  keywords = {machine learning, neurips, reproducibility challenge}
}

@article{Bromley_93,
author = {Bromley, Jane and Bentz, James and Bottou, Leon and Guyon, Isabelle and Lecun, Yann and Moore, Cliff and Sackinger, Eduard and Shah, Rookpak},
year = {1993},
month = {08},
pages = {25},
title = {Signature Verification using a "Siamese" Time Delay Neural Network},
volume = {7},
journal = {International Journal of Pattern Recognition and Artificial Intelligence},
doi = {10.1142/S0218001493000339}
}

@misc{chen2020simple,
      title={A Simple Framework for Contrastive Learning of Visual Representations}, 
      author={Ting Chen and Simon Kornblith and Mohammad Norouzi and Geoffrey Hinton},
      year={2020},
      eprint={2002.05709},
      archivePrefix={arXiv},
      primaryClass={cs.LG}
}

@misc{chen2020big,
      title={Big Self-Supervised Models are Strong Semi-Supervised Learners}, 
      author={Ting Chen and Simon Kornblith and Kevin Swersky and Mohammad Norouzi and Geoffrey Hinton},
      year={2020},
      eprint={2006.10029},
      archivePrefix={arXiv},
      primaryClass={cs.LG}
}

@misc{he2020momentum,
      title={Momentum Contrast for Unsupervised Visual Representation Learning}, 
      author={Kaiming He and Haoqi Fan and Yuxin Wu and Saining Xie and Ross Girshick},
      year={2020},
      eprint={1911.05722},
      archivePrefix={arXiv},
      primaryClass={cs.CV}
}

@misc{oord2019representation,
      title={Representation Learning with Contrastive Predictive Coding}, 
      author={Aaron van den Oord and Yazhe Li and Oriol Vinyals},
      year={2019},
      eprint={1807.03748},
      archivePrefix={arXiv},
      primaryClass={cs.LG}
}

@misc{grill2020bootstrap,
      title={Bootstrap your own latent: A new approach to self-supervised Learning}, 
      author={Jean-Bastien Grill and Florian Strub and Florent Altché and Corentin Tallec and Pierre H. Richemond and Elena Buchatskaya and Carl Doersch and Bernardo Avila Pires and Zhaohan Daniel Guo and Mohammad Gheshlaghi Azar and Bilal Piot and Koray Kavukcuoglu and Rémi Munos and Michal Valko},
      year={2020},
      eprint={2006.07733},
      archivePrefix={arXiv},
      primaryClass={cs.LG}
}

@misc{chen2020exploring,
      title={Exploring Simple Siamese Representation Learning}, 
      author={Xinlei Chen and Kaiming He},
      year={2020},
      eprint={2011.10566},
      archivePrefix={arXiv},
      primaryClass={cs.CV}
}

@misc{tian2021understanding,
      title={Understanding self-supervised Learning Dynamics without Contrastive Pairs}, 
      author={Yuandong Tian and Xinlei Chen and Surya Ganguli},
      year={2021},
      eprint={2102.06810},
      archivePrefix={arXiv},
      primaryClass={cs.LG}
}

@misc{wang2021demystifying,
      title={Towards Demystifying Representation Learning with Non-contrastive Self-supervision}, 
      author={Xiang Wang and Xinlei Chen and Simon S. Du and Yuandong Tian},
      year={2021},
      eprint={2110.04947},
      archivePrefix={arXiv},
      primaryClass={cs.LG}
}

@misc{kingma2014autoencoding,
      title={Auto-Encoding Variational Bayes}, 
      author={Diederik P Kingma and Max Welling},
      year={2014},
      eprint={1312.6114},
      archivePrefix={arXiv},
      primaryClass={stat.ML}
}

@inproceedings{vincent2008denoising,
author = {Vincent, Pascal and Larochelle, Hugo and Bengio, Y. and Manzagol, Pierre-Antoine},
year = {2008},
month = {01},
pages = {1096-1103},
title = {Extracting and composing robust features with denoising autoencoders},
journal = {Proceedings of the 25th International Conference on Machine Learning},
doi = {10.1145/1390156.1390294}
}

@misc{donahue2019large,
      title={Large Scale Adversarial Representation Learning}, 
      author={Jeff Donahue and Karen Simonyan},
      year={2019},
      eprint={1907.02544},
      archivePrefix={arXiv},
      primaryClass={cs.CV}
}

@misc{donahue2017adversarial,
      title={Adversarial Feature Learning}, 
      author={Jeff Donahue and Philipp Krähenbühl and Trevor Darrell},
      year={2017},
      eprint={1605.09782},
      archivePrefix={arXiv},
      primaryClass={cs.LG}
}

@misc{he2015deep,
      title={Deep Residual Learning for Image Recognition}, 
      author={Kaiming He and Xiangyu Zhang and Shaoqing Ren and Jian Sun},
      year={2015},
      eprint={1512.03385},
      archivePrefix={arXiv},
      primaryClass={cs.CV}
}

@misc{ioffe2015batch,
      title={Batch Normalization: Accelerating Deep Network Training by Reducing Internal Covariate Shift}, 
      author={Sergey Ioffe and Christian Szegedy},
      year={2015},
      eprint={1502.03167},
      archivePrefix={arXiv},
      primaryClass={cs.LG}
}


@inproceedings{Nair2010relu,
author = {Nair, Vinod and Hinton, Geoffrey E.},
title = {Rectified Linear Units Improve Restricted Boltzmann Machines},
year = {2010},
isbn = {9781605589077},
publisher = {Omnipress},
address = {Madison, WI, USA},
pages = {807–814},
numpages = {8},
location = {Haifa, Israel},
series = {ICML'10}
}

@article{cifar10,
title= {CIFAR-10},
journal= {},
author= {Alex Krizhevsky and Vinod Nair and Geoffrey Hinton},
year= {},
url= {http://www.cs.toronto.edu/~kriz/cifar.html},
keywords= {Dataset},
terms= {}
}

@article{ruder2016overview,
  title={An overview of gradient descent optimization algorithms},
  author={Ruder, Sebastian},
  journal={arXiv preprint arXiv:1609.04747},
  year={2016}
}

@article{loshchilov2017decoupled,
  title={Decoupled weight decay regularization},
  author={Loshchilov, Ilya and Hutter, Frank},
  journal={arXiv preprint arXiv:1711.05101},
  year={2017}
}

@article{kingma2014adam,
  title={Adam: A method for stochastic optimization},
  author={Kingma, Diederik P and Ba, Jimmy},
  journal={arXiv preprint arXiv:1412.6980},
  year={2014}
}

@misc{paperswithcode,
  title = {Papers with code},
  howpublished = {\url{https://paperswithcode.com/paper/understanding-self-supervised-learning}},
  note = {Accessed: 2020-10-22}
}

@misc{chen2020big,
      title={Big Self-Supervised Models are Strong Semi-Supervised Learners}, 
      author={Ting Chen and Simon Kornblith and Kevin Swersky and Mohammad Norouzi and Geoffrey Hinton},
      year={2020},
      eprint={2006.10029},
      archivePrefix={arXiv},
      primaryClass={cs.LG}
}
