@article{lucic2022reproducibility,
  title={Reproducibility as a Mechanism for Teaching Fairness, Accountability, Confidentiality, and Transparency in Artificial Intelligence},
  author={Lucic, Ana and Bleeker, Maurits and Jullien, Sami and Bhargav, Samarth and de Rijke, Maarten},
  year={2022}
}

@article{mehrabi2021survey,
  title={A survey on bias and fairness in machine learning},
  author={Mehrabi, Ninareh and Morstatter, Fred and Saxena, Nripsuta and Lerman, Kristina and Galstyan, Aram},
  journal={ACM Computing Surveys (CSUR)},
  volume={54},
  number={6},
  pages={1--35},
  year={2021},
  publisher={ACM New York, NY, USA}
}

@inproceedings{ziko2021variational,
  title={Variational Fair Clustering},
  author={Ziko, Imtiaz Masud and Yuan, Jing and Granger, Eric and Ayed, Ismail Ben},
  booktitle={Proceedings of the AAAI Conference on Artificial Intelligence},
  volume={35},
  number={12},
  pages={11202--11209},
  year={2021}
}

@article{chierichetti2018fair,
  title={Fair clustering through fairlets},
  author={Chierichetti, Flavio and Kumar, Ravi and Lattanzi, Silvio and Vassilvitskii, Sergei},
  journal={arXiv preprint arXiv:1802.05733},
  year={2018}
}

@inproceedings{backurs2019scalable,
  title={Scalable fair clustering},
  author={Backurs, Arturs and Indyk, Piotr and Onak, Krzysztof and Schieber, Baruch and Vakilian, Ali and Wagner, Tal},
  booktitle={International Conference on Machine Learning},
  pages={405--413},
  year={2019},
  organization={PMLR}
}

@article{bera2019fair,
  title={Fair algorithms for clustering},
  author={Bera, Suman K and Chakrabarty, Deeparnab and Flores, Nicolas J and Negahbani, Maryam},
  journal={arXiv preprint arXiv:1901.02393},
  year={2019}
}
@article{huang2019coresets,
  title={Coresets for clustering with fairness constraints},
  author={Huang, Lingxiao and Jiang, Shaofeng H-C and Vishnoi, Nisheeth K},
  journal={arXiv preprint arXiv:1906.08484},
  year={2019}
}

@article{rosner2018privacy,
  title={Privacy preserving clustering with constraints},
  author={R{\"o}sner, Clemens and Schmidt, Melanie},
  journal={arXiv preprint arXiv:1802.02497},
  year={2018}
}

@article{schmidt2018fair,
  title={Fair coresets and streaming algorithms for fair k-means clustering},
  author={Schmidt, Melanie and Schwiegelshohn, Chris and Sohler, Christian},
  journal={arXiv preprint arXiv:1812.10854},
  year={2018}
}

@inproceedings{kleindessner2019guarantees,
  title={Guarantees for spectral clustering with fairness constraints},
  author={Kleindessner, Matth{\"a}us and Samadi, Samira and Awasthi, Pranjal and Morgenstern, Jamie},
  booktitle={International Conference on Machine Learning},
  pages={3458--3467},
  year={2019},
  organization={PMLR}
}

@book{osoba2017intelligence,
  title={An intelligence in our image: The risks of bias and errors in artificial intelligence},
  author={Osoba, Osonde A and Welser IV, William},
  year={2017},
  publisher={Rand Corporation}
}

@article{hall2012objective,
  title={Objective function-based clustering},
  author={Hall, Lawrence O},
  journal={Wiley Interdisciplinary Reviews: Data Mining and Knowledge Discovery},
  volume={2},
  number={4},
  pages={326--339},
  year={2012},
  publisher={Wiley Online Library}
}

@article{cortes1995support,
  title={Support-vector networks},
  author={Cortes, Corinna and Vapnik, Vladimir},
  journal={Machine learning},
  volume={20},
  number={3},
  pages={273--297},
  year={1995},
  publisher={Springer}
}
@article{lin2007cleaning,
  title={Cleaning data the Chauvenet way},
  author={Lin, Lily and Sherman, Paul D},
  journal={The Proceedings of the SouthEast SAS Users Group, SESUG Proceedings, Paper SA11},
  pages={1--11},
  year={2007}
}
@inproceedings{dinh2019estimating,
  title={Estimating the optimal number of clusters in categorical data clustering by silhouette coefficient},
  author={Dinh, Duy-Tai and Fujinami, Tsutomu and Huynh, Van-Nam},
  booktitle={International Symposium on Knowledge and Systems Sciences},
  pages={1--17},
  year={2019},
  organization={Springer}
}