@inproceedings{ganspace,
  title     = {GANSpace: Discovering Interpretable GAN Controls},
  author    = {Erik Härkönen and Aaron Hertzmann and Jaakko Lehtinen and Sylvain Paris},
  booktitle = {Proc. NeurIPS},
  year      = {2020}
}

@inproceedings{gan,
  author    = {Ian J. Goodfellow and
               Jean Pouget{-}Abadie and
               Mehdi Mirza and
               Bing Xu and
               David Warde{-}Farley and
               Sherjil Ozair and
               Aaron C. Courville and
               Yoshua Bengio},
  editor    = {Zoubin Ghahramani and
               Max Welling and
               Corinna Cortes and
               Neil D. Lawrence and
               Kilian Q. Weinberger},
  title     = {Generative Adversarial Nets},
  booktitle = {Advances in Neural Information Processing Systems 27: Annual Conference
               on Neural Information Processing Systems 2014, December 8-13 2014,
               Montreal, Quebec, Canada},
  pages     = {2672--2680},
  year      = {2014},
  url       = {https://proceedings.neurips.cc/paper/2014/hash/5ca3e9b122f61f8f06494c97b1afccf3-Abstract.html},
  timestamp = {Thu, 21 Jan 2021 15:15:23 +0100},
  biburl    = {https://dblp.org/rec/conf/nips/GoodfellowPMXWOCB14.bib},
  bibsource = {dblp computer science bibliography, https://dblp.org}
}

@inproceedings{stylegan,
  author    = {Tero Karras and
               Samuli Laine and
               Timo Aila},
  title     = {A Style-Based Generator Architecture for Generative Adversarial Networks},
  booktitle = {{IEEE} Conference on Computer Vision and Pattern Recognition, {CVPR}
               2019, Long Beach, CA, USA, June 16-20, 2019},
  pages     = {4401--4410},
  publisher = {Computer Vision Foundation / {IEEE}},
  year      = {2019},
  url       = {http://openaccess.thecvf.com/content\_CVPR\_2019/html/Karras\_A\_Style-Based\_Generator\_Architecture\_for\_Generative\_Adversarial\_Networks\_CVPR\_2019\_paper.html},
  doi       = {10.1109/CVPR.2019.00453},
  timestamp = {Thu, 27 Aug 2020 07:31:34 +0200},
  biburl    = {https://dblp.org/rec/conf/cvpr/KarrasLA19.bib},
  bibsource = {dblp computer science bibliography, https://dblp.org}
}

@inproceedings{stylegan2,
  author    = {Tero Karras and
               Samuli Laine and
               Miika Aittala and
               Janne Hellsten and
               Jaakko Lehtinen and
               Timo Aila},
  title     = {Analyzing and Improving the Image Quality of StyleGAN},
  booktitle = {2020 {IEEE/CVF} Conference on Computer Vision and Pattern Recognition,
               {CVPR} 2020, Seattle, WA, USA, June 13-19, 2020},
  pages     = {8107--8116},
  publisher = {{IEEE}},
  year      = {2020},
  url       = {https://doi.org/10.1109/CVPR42600.2020.00813},
  doi       = {10.1109/CVPR42600.2020.00813},
  timestamp = {Tue, 11 Aug 2020 16:59:49 +0200},
  biburl    = {https://dblp.org/rec/conf/cvpr/KarrasLAHLA20.bib},
  bibsource = {dblp computer science bibliography, https://dblp.org}
}

@inproceedings{biggan,
  author    = {Andrew Brock and
               Jeff Donahue and
               Karen Simonyan},
  title     = {Large Scale {GAN} Training for High Fidelity Natural Image Synthesis},
  booktitle = {7th International Conference on Learning Representations, {ICLR} 2019,
               New Orleans, LA, USA, May 6-9, 2019},
  publisher = {OpenReview.net},
  year      = {2019},
  url       = {https://openreview.net/forum?id=B1xsqj09Fm},
  timestamp = {Thu, 25 Jul 2019 13:03:18 +0200},
  biburl    = {https://dblp.org/rec/conf/iclr/BrockDS19.bib},
  bibsource = {dblp computer science bibliography, https://dblp.org}
}

@inproceedings{supervised,
  author    = {Yujun Shen and
               Jinjin Gu and
               Xiaoou Tang and
               Bolei Zhou},
  title     = {Interpreting the Latent Space of GANs for Semantic Face Editing},
  booktitle = {2020 {IEEE/CVF} Conference on Computer Vision and Pattern Recognition,
               {CVPR} 2020, Seattle, WA, USA, June 13-19, 2020},
  pages     = {9240--9249},
  publisher = {{IEEE}},
  year      = {2020},
  url       = {https://doi.org/10.1109/CVPR42600.2020.00926},
  doi       = {10.1109/CVPR42600.2020.00926},
  timestamp = {Tue, 11 Aug 2020 16:59:49 +0200},
  biburl    = {https://dblp.org/rec/conf/cvpr/ShenGTZ20.bib},
  bibsource = {dblp computer science bibliography, https://dblp.org}
}