@article{DBLP:journals/corr/abs-2012-01526,
  author    = {Karttikeya Mangalam and
               Yang An and
               Harshayu Girase and
               Jitendra Malik},
  title     = {From Goals, Waypoints {\&} Paths To Long Term Human Trajectory
               Forecasting},
  journal   = {CoRR},
  volume    = {abs/2012.01526},
  year      = {2020},
  url       = {https://arxiv.org/abs/2012.01526},
  eprinttype = {arXiv},
  eprint    = {2012.01526},
  timestamp = {Fri, 04 Dec 2020 12:07:23 +0100},
  biburl    = {https://dblp.org/rec/journals/corr/abs-2012-01526.bib},
  bibsource = {dblp computer science bibliography, https://dblp.org}
}
@inproceedings{mangalam2021goals,
 author = {Mangalam, Karttikeya and An, Yang and Girase, Harshayu and Malik, Jitendra},
 title = {From Goals, Waypoints \& Paths To Long Term Human Trajectory Forecasting},
 booktitle = {Proc. International Conference on Computer Vision (ICCV)},
 year = {2021},
 month = oct,
 month_numeric = {10}
}
@article{DBLP:journals/corr/RonnebergerFB15,
  author    = {Olaf Ronneberger and
               Philipp Fischer and
               Thomas Brox},
  title     = {U-Net: Convolutional Networks for Biomedical Image Segmentation},
  journal   = {CoRR},
  volume    = {abs/1505.04597},
  year      = {2015},
  url       = {http://arxiv.org/abs/1505.04597},
  eprinttype = {arXiv},
  eprint    = {1505.04597},
  timestamp = {Mon, 13 Aug 2018 16:46:52 +0200},
  biburl    = {https://dblp.org/rec/journals/corr/RonnebergerFB15.bib},
  bibsource = {dblp computer science bibliography, https://dblp.org}
}

@inproceedings{inDdataset,
               title={The inD Dataset: A Drone Dataset of Naturalistic Road User Trajectories at German Intersections},
               author={Bock, Julian and Krajewski, Robert and Moers, Tobias and Runde, Steffen and Vater, Lennart and Eckstein, Lutz},
               booktitle={2020 IEEE Intelligent Vehicles Symposium (IV)},
               pages={1929-1934},
               year={2020},
               doi={10.1109/IV47402.2020.9304839}}
               

@inproceedings{Robicquet2016LearningSE,
  title={Learning Social Etiquette: Human Trajectory Understanding In Crowded Scenes},
  author={Alexandre Robicquet and Amir Sadeghian and Alexandre Alahi and Silvio Savarese},
  booktitle={ECCV},
  year={2016}
}

@article{DBLP:journals/corr/abs-1803-10892,
  author    = {Agrim Gupta and
               Justin Johnson and
               Li Fei{-}Fei and
               Silvio Savarese and
               Alexandre Alahi},
  title     = {Social {GAN:} Socially Acceptable Trajectories with Generative Adversarial
               Networks},
  journal   = {CoRR},
  volume    = {abs/1803.10892},
  year      = {2018},
  url       = {http://arxiv.org/abs/1803.10892},
  eprinttype = {arXiv},
  eprint    = {1803.10892},
  timestamp = {Sat, 19 Oct 2019 16:30:04 +0200},
  biburl    = {https://dblp.org/rec/journals/corr/abs-1803-10892.bib},
  bibsource = {dblp computer science bibliography, https://dblp.org}
}

@article{DBLP:journals/corr/abs-1806-01482,
  author    = {Amir Sadeghian and
               Vineet Kosaraju and
               Ali Sadeghian and
               Noriaki Hirose and
               Silvio Savarese},
  title     = {SoPhie: An Attentive {GAN} for Predicting Paths Compliant to Social
               and Physical Constraints},
  journal   = {CoRR},
  volume    = {abs/1806.01482},
  year      = {2018},
  url       = {http://arxiv.org/abs/1806.01482},
  eprinttype = {arXiv},
  eprint    = {1806.01482},
  timestamp = {Mon, 13 Aug 2018 16:47:13 +0200},
  biburl    = {https://dblp.org/rec/journals/corr/abs-1806-01482.bib},
  bibsource = {dblp computer science bibliography, https://dblp.org}
}

@misc{wandb,
title = {Experiment Tracking with Weights and Biases},
year = {2020},
note = {Software available from wandb.com},
url={https://www.wandb.com/\%7D},
author = {Biewald, Lukas},
}

@misc{bhattacharyya2020conditional,
      title={Conditional Flow Variational Autoencoders for Structured Sequence Prediction}, 
      author={Apratim Bhattacharyya and Michael Hanselmann and Mario Fritz and Bernt Schiele and Christoph-Nikolas Straehle},
      year={2020},
      eprint={1908.09008},
      archivePrefix={arXiv},
      primaryClass={cs.CV}
}

@misc{mangalam2020disentangling,
      title={Disentangling Human Dynamics for Pedestrian Locomotion Forecasting with Noisy Supervision}, 
      author={Karttikeya Mangalam and Ehsan Adeli and Kuan-Hui Lee and Adrien Gaidon and Juan Carlos Niebles},
      year={2020},
      eprint={1911.01138},
      archivePrefix={arXiv},
      primaryClass={cs.CV}
}

@misc{salzmann2021trajectron,
      title={Trajectron++: Dynamically-Feasible Trajectory Forecasting With Heterogeneous Data}, 
      author={Tim Salzmann and Boris Ivanovic and Punarjay Chakravarty and Marco Pavone},
      year={2021},
      eprint={2001.03093},
      archivePrefix={arXiv},
      primaryClass={cs.RO}
}

@misc{liang2020simaug,
      title={SimAug: Learning Robust Representations from Simulation for Trajectory Prediction}, 
      author={Junwei Liang and Lu Jiang and Alexander Hauptmann},
      year={2020},
      eprint={2004.02022},
      archivePrefix={arXiv},
      primaryClass={cs.CV}
}

@misc{mangalam2020journey,
      title={It Is Not the Journey but the Destination: Endpoint Conditioned Trajectory Prediction}, 
      author={Karttikeya Mangalam and Harshayu Girase and Shreyas Agarwal and Kuan-Hui Lee and Ehsan Adeli and Jitendra Malik and Adrien Gaidon},
      year={2020},
      eprint={2004.02025},
      archivePrefix={arXiv},
      primaryClass={cs.CV}
}

@misc{deo2021trajectory,
      title={Trajectory Forecasts in Unknown Environments Conditioned on Grid-Based Plans}, 
      author={Nachiket Deo and Mohan M. Trivedi},
      year={2021},
      eprint={2001.00735},
      archivePrefix={arXiv},
      primaryClass={cs.CV}
}

@misc{zhao2020tnt,
      title={TNT: Target-driveN Trajectory Prediction}, 
      author={Hang Zhao and Jiyang Gao and Tian Lan and Chen Sun and Benjamin Sapp and Balakrishnan Varadarajan and Yue Shen and Yi Shen and Yuning Chai and Cordelia Schmid and Congcong Li and Dragomir Anguelov},
      year={2020},
      eprint={2008.08294},
      archivePrefix={arXiv},
      primaryClass={cs.CV}
}

cff-version: 1.2.0
message: "If you want to cite the framework, feel free to use this (but only if you loved it ��)"
title: "PyTorch Lightning"
abstract: "The lightweight PyTorch wrapper for high-performance AI research. Scale your models, not the boilerplate."
date-released: 2019-03-30
authors:
  - family-names: "Falcon"
    given-names: "William"
  - name: "The PyTorch Lightning team"
version: 1.4
doi: 10.5281/zenodo.3828935
license: "Apache-2.0"
url: "https://www.pytorchlightning.ai"
repository-code: "https://github.com/PyTorchLightning/pytorch-lightning"
keywords:
  - machine learning
  - deep learning
  - artificial intelligence
  

@article{DBLP:journals/corr/HeZRS15,
  author    = {Kaiming He and
               Xiangyu Zhang and
               Shaoqing Ren and
               Jian Sun},
  title     = {Deep Residual Learning for Image Recognition},
  journal   = {CoRR},
  volume    = {abs/1512.03385},
  year      = {2015},
  url       = {http://arxiv.org/abs/1512.03385},
  archivePrefix = {arXiv},
  eprint    = {1512.03385},
  timestamp = {Wed, 17 Apr 2019 17:23:45 +0200},
  biburl    = {https://dblp.org/rec/journals/corr/HeZRS15.bib},
  bibsource = {dblp computer science bibliography, https://dblp.org}
}
