@article{Sinha:2021,
  author = {Sinha, Koustuv and Dodge, Jesse and Luccioni, Sasha and Forde, Jessica Zosa and Stojnic, Robert and Pineau, Joelle},
  title = {{ML Reproducibility Challenge 2020}},
  journal = {ReScience C},
  year = {2021},
  month = may,
  volume = {7},
  number = {2},
  pages = {1},
  doi = {10.5281/zenodo.4833117},
  url = {https://zenodo.org/record/4833117/files/article.pdf},
  type = {Editorial},
  keywords = {machine learning, neurips, reproducibility challenge}
}
@misc{lv2021learning,
    title={Learning Unknown from Correlations: Graph Neural Network for Inter-novel-protein Interaction Prediction}, 
    author={Guofeng Lv and Zhiqiang Hu and Yanguang Bi and Shaoting Zhang},
    year={2021},
    eprint={2105.06709},
    archivePrefix={arXiv},
    primaryClass={cs.LG}
}


@article{chen2019pipr,
    title={Multifaceted Protein-Protein Interaction Prediction Based on Siamese Residual RCNN},
    author={Chen, Muhao and Ju, Chelsea and Zhou, Guangyu and Chen, Xuelu and Zhang, Tianran and Chang, Kai-Wei and Zaniolo, Carlo and Wang, Wei},
    journal={Bioinformatics},
    volume = {35},
    number = {14},
    pages = {i305-i314},
    year = {2019},
    month = {07},
    publisher={Oxford University Press}
}

@article{gui2019dnn,
  title={DNN-PPI: A Large-Scale Prediction of Protein--Protein Interactions Based on Deep Neural Networks},
  author={Gui, Yuanmiao and Wang, Rujing and Wei, Yuanyuan and Wang, Xue},
  journal={Journal of Biological Systems},
  volume={27},
  number={01},
  pages={1--18},
  year={2019},
  publisher={World Scientific}
}

@article{hashemifar2018predicting,
  title={Predicting protein--protein interactions through sequence-based deep learning},
  author={Hashemifar, Somaye and Neyshabur, Behnam and Khan, Aly A and Xu, Jinbo},
  journal={Bioinformatics},
  volume={34},
  number={17},
  pages={i802--i810},
  year={2018},
  publisher={Oxford University Press}
}

