@inproceedings{su2020does,
  title={When does self-supervision improve few-shot learning?},
  author={Su, Jong-Chyi and Maji, Subhransu and Hariharan, Bharath},
  booktitle={European Conference on Computer Vision},
  pages={645--666},
  year={2020},
  organization={Springer}
}

@inproceedings{
chen2018a,
title={A Closer Look at Few-shot Classification},
author={Wei-Yu Chen and Yen-Cheng Liu and Zsolt Kira and Yu-Chiang Frank Wang and Jia-Bin Huang},
booktitle={International Conference on Learning Representations},
year={2019},
url={https://openreview.net/forum?id=HkxLXnAcFQ},
}

@misc{noroozi2017unsupervised,
      title={Unsupervised Learning of Visual Representations by Solving Jigsaw Puzzles}, 
      author={Mehdi Noroozi and Paolo Favaro},
      year={2017},
      eprint={1603.09246},
      archivePrefix={arXiv},
      primaryClass={cs.CV}
}

@inproceedings{protonets,
 author = {Snell, Jake and Swersky, Kevin and Zemel, Richard},
 booktitle = {Advances in Neural Information Processing Systems},
 editor = {I. Guyon and U. V. Luxburg and S. Bengio and H. Wallach and R. Fergus and S. Vishwanathan and R. Garnett},
 pages = {},
 publisher = {Curran Associates, Inc.},
 title = {Prototypical Networks for Few-shot Learning},
 url = {https://proceedings.neurips.cc/paper/2017/file/cb8da6767461f2812ae4290eac7cbc42-Paper.pdf},
 volume = {30},
 year = {2017}
}

@inproceedings{sung2018learning,
  title={Learning to compare: Relation network for few-shot learning},
  author={Sung, Flood and Yang, Yongxin and Zhang, Li and Xiang, Tao and Torr, Philip HS and Hospedales, Timothy M},
  booktitle={Proceedings of the IEEE conference on computer vision and pattern recognition},
  pages={1199--1208},
  year={2018}
}

@inproceedings{finn2017model,
  title={Model-agnostic meta-learning for fast adaptation of deep networks},
  author={Finn, Chelsea and Abbeel, Pieter and Levine, Sergey},
  booktitle={International Conference on Machine Learning},
  pages={1126--1135},
  year={2017},
  organization={PMLR}
}

@techreport{aircrafts,
   title         = {Fine-Grained Visual Classification of Aircraft},
   author        = {S. Maji and J. Kannala and E. Rahtu
                    and M. Blaschko and A. Vedaldi},
   year          = {2013},
   archivePrefix = {arXiv},
   eprint        = {1306.5151},
   primaryClass  = "cs-cv"
}

@techreport{cub,
Author = {P. Welinder and S. Branson and T. Mita and C. Wah and F. Schroff and S. Belongie and P. Perona},
Institution = {California Institute of Technology},
Number = {CNS-TR-2010-001},
Title = { Caltech-UCSD Birds 200 },
Year = {2010}
}


@inproceedings{cars,
  title = {3D Object Representations for Fine-Grained Categorization},
  booktitle = {4th International IEEE Workshop on  3D Representation and Recognition (3dRR-13)},
  year = {2013},
  address = {Sydney, Australia},
  author = {Jonathan Krause and Michael Stark and Jia Deng and Li Fei-Fei}
}

@INPROCEEDINGS{flowers,
  author={Nilsback, Maria-Elena and Zisserman, Andrew},
  booktitle={2008 Sixth Indian Conference on Computer Vision, Graphics   Image Processing}, 
  title={Automated Flower Classification over a Large Number of Classes}, 
  year={2008},
  volume={},
  number={},
  pages={722-729},
  doi={10.1109/ICVGIP.2008.47}}
  
@inproceedings{dogs,
author = "Aditya Khosla and Nityananda Jayadevaprakash and Bangpeng Yao and Li Fei-Fei",
title = "Novel Dataset for Fine-Grained Image Categorization",
booktitle = "First Workshop on Fine-Grained Visual Categorization, IEEE Conference on Computer Vision and Pattern Recognition",
year = "2011",
month = "June",
address = "Colorado Springs, CO",
}

@inproceedings{mini,
author = {Vinyals, Oriol and Blundell, Charles and Lillicrap, Timothy and Kavukcuoglu, Koray and Wierstra, Daan},
title = {Matching Networks for One Shot Learning},
year = {2016},
isbn = {9781510838819},
publisher = {Curran Associates Inc.},
address = {Red Hook, NY, USA},
booktitle = {Proceedings of the 30th International Conference on Neural Information Processing Systems},
pages = {3637â€“3645},
numpages = {9},
location = {Barcelona, Spain},
series = {NIPS'16}
}

@inproceedings{inat,
  title={The inaturalist species classification and detection dataset},
  author={Van Horn, Grant and Mac Aodha, Oisin and Song, Yang and Cui, Yin and Sun, Chen and Shepard, Alex and Adam, Hartwig and Perona, Pietro and Belongie, Serge},
  booktitle={Proceedings of the IEEE conference on computer vision and pattern recognition},
  pages={8769--8778},
  year={2018}
}

@article{openimages,
  title={The open images dataset v4: Unified image classification, object detection, and visual relationship detection at scale},
  author={Kuznetsova, Alina and Rom, Hassan and Alldrin, Neil and Uijlings, Jasper and Krasin, Ivan and Pont-Tuset, Jordi and Kamali, Shahab and Popov, Stefan and Malloci, Matteo and Kolesnikov, Alexander and others},
  journal={arXiv preprint arXiv:1811.00982},
  year={2018}
}

@misc{rengithub,
  author = {Mengye Ren},
  title = {few-shot-ssl-public
},
  howpublished = "\url{https://github.com/renmengye/few-shot-ssl-public}"
}

@misc{yao2github,
  author = {Yaoyao Liu},
  title = {Tools for mini-ImageNet Dataset

},
  howpublished = "\url{https://github.com/yaoyao-liu/mini-imagenet-tools}"
}

@inproceedings{guo2020broader,
  title={A broader study of cross-domain few-shot learning},
  author={Guo, Yunhui and Codella, Noel C and Karlinsky, Leonid and Codella, James V and Smith, John R and Saenko, Kate and Rosing, Tajana and Feris, Rogerio},
  year={2020},
  booktitle={European conference on computer vision},
  organization={ECCV}
}

@inproceedings{noroozi2016unsupervised,
  title={Unsupervised learning of visual representations by solving jigsaw puzzles},
  author={Noroozi, Mehdi and Favaro, Paolo},
  booktitle={European conference on computer vision},
  pages={69--84},
  year={2016},
  organization={Springer}
}