@inproceedings{ribeiro2016should,
  title={"Why should i trust you?" Explaining the predictions of any classifier},
  author={Ribeiro, Marco Tulio and Singh, Sameer and Guestrin, Carlos},
  booktitle={Proceedings of the 22nd ACM SIGKDD International Conference on Knowledge Discovery and Data Mining},
  pages={1135--1144},
  year={2016}
}

@inproceedings{abadi2016deep,
  title={Deep learning with differential privacy},
  author={Abadi, Martin and Chu, Andy and Goodfellow, Ian and McMahan, H Brendan and Mironov, Ilya and Talwar, Kunal and Zhang, Li},
  booktitle={Proceedings of the 2016 ACM SIGSAC Conference on Computer and Communications Security},
  pages={308--318},
  year={2016}
}

@article{Lang2021ExplainingIS,
  title={Explaining in Style: Training a GAN to explain a classifier in StyleSpace},
  author={Oran Lang and Yossi Gandelsman and Michal Yarom and Yoav Wald and Gal Elidan and Avinatan Hassidim and William T. Freeman and Phillip Isola and Amir Globerson and Michal Irani and Inbar Mosseri},
  journal={ArXiv},
  year={2021},
  volume={abs/2104.13369}
}

@article{MILLER20191,
title = {Explanation in artificial intelligence: Insights from the social sciences},
journal = {Artificial Intelligence},
volume = {267},
pages = {1-38},
year = {2019},
issn = {0004-3702},
doi = {https://doi.org/10.1016/j.artint.2018.07.007},
url = {https://www.sciencedirect.com/science/article/pii/S0004370218305988},
author = {Tim Miller}}}

@article{Gilpin2018ExplainingEA,
  title={Explaining Explanations: An Overview of Interpretability of Machine Learning},
  author={Leilani H. Gilpin and David Bau and Ben Z. Yuan and Ayesha Bajwa and Michael A. Specter and Lalana Kagal},
  journal={2018 IEEE 5th International Conference on Data Science and Advanced Analytics (DSAA)},
  year={2018},
  pages={80-89}
}

@article{Karras2020AnalyzingAI,
  title={Analyzing and Improving the Image Quality of StyleGAN},
  author={Tero Karras and Samuli Laine and Miika Aittala and Janne Hellsten and Jaakko Lehtinen and Timo Aila},
  journal={2020 IEEE/CVF Conference on Computer Vision and Pattern Recognition (CVPR)},
  year={2020},
  pages={8107-8116}
}

@misc{howard2017mobilenets,
      title={MobileNets: Efficient Convolutional Neural Networks for Mobile Vision Applications}, 
      author={Andrew G. Howard and Menglong Zhu and Bo Chen and Dmitry Kalenichenko and Weijun Wang and Tobias Weyand and Marco Andreetto and Hartwig Adam},
      year={2017},
      eprint={1704.04861},
      archivePrefix={arXiv},
      primaryClass={cs.CV}
}
@inproceedings{NIPS2017_892c3b1c,
 author = {Gulrajani, Ishaan and Ahmed, Faruk and Arjovsky, Martin and Dumoulin, Vincent and Courville, Aaron C},
 booktitle = {Advances in Neural Information Processing Systems},
 editor = {I. Guyon and U. V. Luxburg and S. Bengio and H. Wallach and R. Fergus and S. Vishwanathan and R. Garnett},
 pages = {},
 publisher = {Curran Associates, Inc.},
 title = {Improved Training of Wasserstein GANs},
 url = {https://proceedings.neurips.cc/paper/2017/file/892c3b1c6dccd52936e27cbd0ff683d6-Paper.pdf},
 volume = {30},
 year = {2017}
}
@misc{labml,
 author = {Varuna Jayasiri, Nipun Wijerathne},
 title = {labml.ai Annotated Paper Implementations},
 year = {2020},
 url = {https://nn.labml.ai/},
}

@article{deng2012mnist,
  title={The mnist database of handwritten digit images for machine learning research},
  author={Deng, Li},
  journal={IEEE Signal Processing Magazine},
  volume={29},
  number={6},
  pages={141--142},
  year={2012},
  publisher={IEEE}
}

@misc{karras2019stylebased,
      title={A Style-Based Generator Architecture for Generative Adversarial Networks}, 
      author={Tero Karras and Samuli Laine and Timo Aila},
      year={2019},
      eprint={1812.04948},
      archivePrefix={arXiv},
      primaryClass={cs.NE}
}

@inproceedings{17kim2018interpretability,
  title={Interpretability beyond feature attribution: Quantitative testing with concept activation vectors (tcav)},
  author={Kim, Been and Wattenberg, Martin and Gilmer, Justin and Cai, Carrie and Wexler, James and Viegas, Fernanda and others},
  booktitle={International conference on machine learning},
  pages={2668--2677},
  year={2018},
  organization={PMLR}
}

@article{9goodfellow2014explaining,
  title={Explaining and harnessing adversarial examples},
  author={Goodfellow, Ian J and Shlens, Jonathon and Szegedy, Christian},
  journal={arXiv preprint arXiv:1412.6572},
  year={2014}
}

@inproceedings{12guo2019simple,
  title={Simple black-box adversarial attacks},
  author={Guo, Chuan and Gardner, Jacob and You, Yurong and Wilson, Andrew Gordon and Weinberger, Kilian},
  booktitle={International Conference on Machine Learning},
  pages={2484--2493},
  year={2019},
  organization={PMLR}
}
@inproceedings{19mothilal2020explaining,
  title={Explaining machine learning classifiers through diverse counterfactual explanations},
  author={Mothilal, Ramaravind K and Sharma, Amit and Tan, Chenhao},
  booktitle={Proceedings of the 2020 Conference on Fairness, Accountability, and Transparency},
  pages={607--617},
  year={2020}
}

@inproceedings{11goyal2019counterfactual,
  title={Counterfactual visual explanations},
  author={Goyal, Yash and Wu, Ziyan and Ernst, Jan and Batra, Dhruv and Parikh, Devi and Lee, Stefan},
  booktitle={International Conference on Machine Learning},
  pages={2376--2384},
  year={2019},
  organization={PMLR}
}

@inproceedings{33goyal2019counterfactual,
  title={Counterfactual visual explanations},
  author={Goyal, Yash and Wu, Ziyan and Ernst, Jan and Batra, Dhruv and Parikh, Devi and Lee, Stefan},
  booktitle={International Conference on Machine Learning},
  pages={2376--2384},
  year={2019},
  organization={PMLR}
}

@inproceedings{7goetschalckx2019ganalyze,
  title={Ganalyze: Toward visual definitions of cognitive image properties},
  author={Goetschalckx, Lore and Andonian, Alex and Oliva, Aude and Isola, Phillip},
  booktitle={Proceedings of the IEEE/CVF International Conference on Computer Vision},
  pages={5744--5753},
  year={2019}
}

@article{31singla2019explanation,
  title={Explanation by progressive exaggeration},
  author={Singla, Sumedha and Pollack, Brian and Chen, Junxiang and Batmanghelich, Kayhan},
  journal={arXiv preprint arXiv:1911.00483},
  year={2019}
}

@inproceedings{26shen2020interpreting,
  title={Interpreting the latent space of gans for semantic face editing},
  author={Shen, Yujun and Gu, Jinjin and Tang, Xiaoou and Zhou, Bolei},
  booktitle={Proceedings of the IEEE/CVF Conference on Computer Vision and Pattern Recognition},
  pages={9243--9252},
  year={2020}
}
@article{27shen2020interfacegan,
  title={Interfacegan: Interpreting the disentangled face representation learned by gans},
  author={Shen, Yujun and Yang, Ceyuan and Tang, Xiaoou and Zhou, Bolei},
  journal={IEEE transactions on pattern analysis and machine intelligence},
  year={2020},
  publisher={IEEE}
}

@inproceedings{28shen2021closed,
  title={Closed-form factorization of latent semantics in gans},
  author={Shen, Yujun and Zhou, Bolei},
  booktitle={Proceedings of the IEEE/CVF Conference on Computer Vision and Pattern Recognition},
  pages={1532--1540},
  year={2021}
}

@inproceedings{3collins2020editing,
  title={Editing in style: Uncovering the local semantics of gans},
  author={Collins, Edo and Bala, Raja and Price, Bob and Susstrunk, Sabine},
  booktitle={Proceedings of the IEEE/CVF Conference on Computer Vision and Pattern Recognition},
  pages={5771--5780},
  year={2020}
}

@inproceedings{35wu2021stylespace,
  title={Stylespace analysis: Disentangled controls for stylegan image generation},
  author={Wu, Zongze and Lischinski, Dani and Shechtman, Eli},
  booktitle={Proceedings of the IEEE/CVF Conference on Computer Vision and Pattern Recognition},
  pages={12863--12872},
  year={2021}
}

@article{schutte2021using,
  title={Using StyleGAN for Visual Interpretability of Deep Learning Models on Medical Images},
  author={Schutte, Kathryn and Moindrot, Olivier and H{\'e}rent, Paul and Schiratti, Jean-Baptiste and J{\'e}gou, Simon},
  journal={arXiv preprint arXiv:2101.07563},
  year={2021}
}