% HUMANS
@inproceedings{abousamra2021localization,
  title={Localization in the crowd with topological constraints},
  author={Abousamra, Shahira and Hoai, Minh and Samaras, Dimitris and Chen, Chao},
  booktitle={AAAI},
  year={2021}
}

@inproceedings{cao2018scale,
  title={Scale aggregation network for accurate and efficient crowd counting},
  author={Cao, Xinkun and Wang, Zhipeng and Zhao, Yanyun and Su, Fei},
  booktitle={Proceedings of the European Conference on Computer Vision (ECCV)},
  pages={734--750},
  year={2018}
}

@inproceedings{ranjan2020uncertainty,
  title={Uncertainty estimation and sample selection for crowd counting},
  author={Ranjan, Viresh and Wang, Boyu and Shah, Mubarak and Hoai, Minh},
  booktitle={Proceedings of the Asian Conference on Computer Vision},
  year={2020}
}

@inproceedings{zhang2015cross,
  title={Cross-scene crowd counting via deep convolutional neural networks},
  author={Zhang, Cong and Li, Hongsheng and Wang, Xiaogang and Yang, Xiaokang},
  booktitle={Proceedings of the IEEE conference on computer vision and pattern recognition},
  pages={833--841},
  year={2015}
}

@inproceedings{boominathan2016crowdnet,
  title={Crowdnet: A deep convolutional network for dense crowd counting},
  author={Boominathan, Lokesh and Kruthiventi, Srinivas SS and Babu, R Venkatesh},
  booktitle={Proceedings of the 24th ACM international conference on Multimedia},
  pages={640--644},
  year={2016}
}


% VEHICLES
@inproceedings{onoro2016towards,
  title={Towards perspective-free object counting with deep learning},
  author={Onoro-Rubio, Daniel and L{\'o}pez-Sastre, Roberto J},
  booktitle={European Conference on Computer Vision},
  pages={615--629},
  year={2016},
  organization={Springer}
}

@inproceedings{zhang2017fcn,
  title={{FCN-rLSTM: Deep spatio-temporal neural networks for vehicle counting in city cameras}},
  author={Zhang, Shanghang and Wu, Guanhang and Costeira, Joao P and Moura, Jos{\'e} MF},
  booktitle={Proceedings of the IEEE international conference on computer vision},
  pages={3667--3676},
  year={2017}
}

@inproceedings{asha2018vehicle,
  title={{Vehicle counting for traffic management system using YOLO and correlation filter}},
  author={Asha, CS and Narasimhadhan, AV},
  booktitle={2018 IEEE International Conference on Electronics, Computing and Communication Technologies (CONECCT)},
  pages={1--6},
  year={2018},
  organization={IEEE}
}

@article{chen2021multi,
  title={{A Multi-Loop Vehicle-Counting Method under Gray Mode and RGB Mode}},
  author={Chen, Yue and Lu, Jian},
  journal={Applied Sciences},
  volume={11},
  number={15},
  pages={6831},
  year={2021},
  publisher={Multidisciplinary Digital Publishing Institute}
}

@inproceedings{quesada2016automatic,
  title={Automatic vehicle counting method based on principal component pursuit background modeling},
  author={Quesada, Jorge and Rodriguez, Paul},
  booktitle={2016 IEEE International conference on image processing (ICIP)},
  pages={3822--3826},
  year={2016},
  organization={IEEE}
}

% ANIMALS
@inproceedings{arteta2016counting,
  title={Counting in the wild},
  author={Arteta, Carlos and Lempitsky, Victor and Zisserman, Andrew},
  booktitle={European conference on computer vision},
  pages={483--498},
  year={2016},
  organization={Springer}
}

@article{zhang2020automatic,
  title={Automatic fish population counting by machine vision and a hybrid deep neural network model},
  author={Zhang, Song and Yang, Xinting and Wang, Yizhong and Zhao, Zhenxi and Liu, Jintao and Liu, Yang and Sun, Chuanheng and Zhou, Chao},
  journal={Animals},
  volume={10},
  number={2},
  pages={364},
  year={2020},
  publisher={Multidisciplinary Digital Publishing Institute}
}

% Learning to count everything paper
@inproceedings{ranjan2021learning,
  title={Learning To Count Everything},
  author={Ranjan, Viresh and Sharma, Udbhav and Nguyen, Thu and Hoai, Minh},
  booktitle={Proceedings of the IEEE/CVF Conference on Computer Vision and Pattern Recognition},
  pages={3394--3403},
  year={2021}
}

@inproceedings{sindagi2019pushing,
title={Pushing the frontiers of unconstrained crowd counting: New dataset and benchmark method},
author={Sindagi, Vishwanath A and Yasarla, Rajeev and Patel, Vishal M},
booktitle={Proceedings of the IEEE International Conference on Computer Vision},
pages={1221--1231},
year={2019}
}
@article{sindagi2020jhu-crowd++,
title={{JHU-CROWD++: Large-Scale Crowd Counting Dataset and A Benchmark Method}},
author={Sindagi, Vishwanath A and Yasarla, Rajeev and Patel, Vishal M},
journal={Technical Report},
year={2020}
}

@article{ren2015faster,
  title={{Faster R-CNN: Towards real-time object detection with region proposal networks}},
  author={Ren, Shaoqing and He, Kaiming and Girshick, Ross and Sun, Jian},
  journal={Advances in neural information processing systems},
  volume={28},
  pages={91--99},
  year={2015}
}

@inproceedings{lin2017focal,
  title={Focal loss for dense object detection},
  author={Lin, Tsung-Yi and Goyal, Priya and Girshick, Ross and He, Kaiming and Doll{\'a}r, Piotr},
  booktitle={Proceedings of the IEEE international conference on computer vision},
  pages={2980--2988},
  year={2017}
}

@inproceedings{he2017mask,
  title={{Mask R-CNN}},
  author={He, Kaiming and Gkioxari, Georgia and Doll{\'a}r, Piotr and Girshick, Ross},
  booktitle={Proceedings of the IEEE international conference on computer vision},
  pages={2961--2969},
  year={2017}
}

@inproceedings{lin2014microsoft,
  title={{Microsoft COCO: Common objects in context}},
  author={Lin, Tsung-Yi and Maire, Michael and Belongie, Serge and Hays, James and Perona, Pietro and Ramanan, Deva and Doll{\'a}r, Piotr and Zitnick, C Lawrence},
  booktitle={European conference on computer vision},
  pages={740--755},
  year={2014},
  organization={Springer}
}

@inproceedings{hsieh2017drone,
  title={Drone-based object counting by spatially regularized regional proposal network},
  author={Hsieh, Meng-Ru and Lin, Yen-Liang and Hsu, Winston H},
  booktitle={Proceedings of the IEEE international conference on computer vision},
  pages={4145--4153},
  year={2017}
}