@inproceedings{stylegan,
  title={A style-based generator architecture for generative adversarial networks},
  author={Karras, Tero and Laine, Samuli and Aila, Timo},
  booktitle={Proceedings of the IEEE/CVF Conference on Computer Vision and Pattern Recognition},
  pages={4401--4410},
  year={2019}
}
@inproceedings{stylegan2,
  title={Analyzing and improving the image quality of stylegan},
  author={Karras, Tero and Laine, Samuli and Aittala, Miika and Hellsten, Janne and Lehtinen, Jaakko and Aila, Timo},
  booktitle={Proceedings of the IEEE/CVF Conference on Computer Vision and Pattern Recognition},
  pages={8110--8119},
  year={2020}
}
@article{stylegan2-ada,
  title={Training generative adversarial networks with limited data},
  author={Karras, Tero and Aittala, Miika and Hellsten, Janne and Laine, Samuli and Lehtinen, Jaakko and Aila, Timo},
  journal={arXiv preprint arXiv:2006.06676},
  year={2020}
}
@inproceedings{stylegan3,
  author = {Tero Karras and Miika Aittala and Samuli Laine and Erik H\"ark\"onen and Janne Hellsten and Jaakko Lehtinen and Timo Aila},
  title = {Alias-Free Generative Adversarial Networks},
  booktitle = {Proc. NeurIPS},
  year = {2021}
}
@article{gan,
  title={Generative adversarial nets},
  author={Goodfellow, Ian and Pouget-Abadie, Jean and Mirza, Mehdi and Xu, Bing and Warde-Farley, David and Ozair, Sherjil and Courville, Aaron and Bengio, Yoshua},
  journal={Advances in neural information processing systems},
  volume={27},
  year={2014}
}

@article{gan2shape,
      title={Do 2D GANs Know 3D Shape? Unsupervised 3D shape reconstruction from 2D Image GANs}, 
      author={Xingang Pan and Bo Dai and Ziwei Liu and Chen Change Loy and Ping Luo},
      year={2021},
      eprint={2011.00844},
      archivePrefix={arXiv},
      primaryClass={cs.CV}
}

@article{neural-renderer,
  author    = {Hiroharu Kato and
               Yoshitaka Ushiku and
               Tatsuya Harada},
  title     = {Neural 3D Mesh Renderer},
  journal   = {CoRR},
  volume    = {abs/1711.07566},
  year      = {2017},
  url       = {http://arxiv.org/abs/1711.07566},
  eprinttype = {arXiv},
  eprint    = {1711.07566},
  timestamp = {Mon, 13 Aug 2018 16:48:37 +0200},
  biburl    = {https://dblp.org/rec/journals/corr/abs-1711-07566.bib},
  bibsource = {dblp computer science bibliography, https://dblp.org}
}

@article{perceptual,
      title={Perceptual Losses for Real-Time Style Transfer and Super-Resolution}, 
      author={Justin Johnson and Alexandre Alahi and Li Fei-Fei},
      year={2016},
      eprint={1603.08155},
      archivePrefix={arXiv},
      primaryClass={cs.CV}
}

@article{lunz2020inverse,
  title={Inverse graphics gan: Learning to generate 3d shapes from unstructured 2d data},
  author={Lunz, Sebastian and Li, Yingzhen and Fitzgibbon, Andrew and Kushman, Nate},
  journal={arXiv preprint arXiv:2002.12674},
  year={2020}
}

@inproceedings{henzler2019escaping,
  title={Escaping plato's cave: 3d shape from adversarial rendering},
  author={Henzler, Philipp and Mitra, Niloy J and Ritschel, Tobias},
  booktitle={Proceedings of the IEEE/CVF International Conference on Computer Vision},
  pages={9984--9993},
  year={2019}
}

@inproceedings{wu20153d,
  title={3d shapenets: A deep representation for volumetric shapes},
  author={Wu, Zhirong and Song, Shuran and Khosla, Aditya and Yu, Fisher and Zhang, Linguang and Tang, Xiaoou and Xiao, Jianxiong},
  booktitle={Proceedings of the IEEE conference on computer vision and pattern recognition},
  pages={1912--1920},
  year={2015}
}
@inproceedings{wang2019deep,
  title={Deep single-view 3D object reconstruction with visual hull embedding},
  author={Wang, Hanqing and Yang, Jiaolong and Liang, Wei and Tong, Xin},
  booktitle={Proceedings of the AAAI Conference on Artificial Intelligence},
  volume={33},
  number={01},
  pages={8941--8948},
  year={2019}
}

@misc{msvc,
title={Microsoft Visual C++ Compiler},
author={Microsoft},
year={2015},
url={https://docs.microsoft.com/en-us/cpp/build/reference/compiling-a-c-cpp-program?view=msvc-170}
}

@article{yu2015lsun,
  title={Lsun: Construction of a large-scale image dataset using deep learning with humans in the loop},
  author={Yu, Fisher and Seff, Ari and Zhang, Yinda and Song, Shuran and Funkhouser, Thomas and Xiao, Jianxiong},
  journal={arXiv preprint arXiv:1506.03365},
  year={2015}
}

@misc{un-goal-12,
title={UN SDG Goal 12 -
Ensure sustainable consumption and production patterns},
author={UnitedNations},
url={https://sdgs.un.org/goals/goal12}
}

@article{smooth-loss,
  author    = {Tinghui Zhou and
               Matthew Brown and
               Noah Snavely and
               David G. Lowe},
  title     = {Unsupervised Learning of Depth and Ego-Motion from Video},
  journal   = {CoRR},
  volume    = {abs/1704.07813},
  year      = {2017},
  url       = {http://arxiv.org/abs/1704.07813},
  eprinttype = {arXiv},
  eprint    = {1704.07813},
  timestamp = {Wed, 01 Apr 2020 15:30:17 +0200},
  biburl    = {https://dblp.org/rec/journals/corr/ZhouBSL17.bib},
  bibsource = {dblp computer science bibliography, https://dblp.org}
}
@inproceedings{wu2020unsupervised,
  title={Unsupervised learning of probably symmetric deformable 3d objects from images in the wild},
  author={Wu, Shangzhe and Rupprecht, Christian and Vedaldi, Andrea},
  booktitle={Proceedings of the IEEE/CVF Conference on Computer Vision and Pattern Recognition},
  pages={1--10},
  year={2020}
}
@inproceedings{zhao2017pyramid,
  title={Pyramid scene parsing network},
  author={Zhao, Hengshuang and Shi, Jianping and Qi, Xiaojuan and Wang, Xiaogang and Jia, Jiaya},
  booktitle={Proceedings of the IEEE conference on computer vision and pattern recognition},
  pages={2881--2890},
  year={2017}
}
@inproceedings{celeba,
  title = {Deep Learning Face Attributes in the Wild},
  author = {Liu, Ziwei and Luo, Ping and Wang, Xiaogang and Tang, Xiaoou},
  booktitle = {Proceedings of International Conference on Computer Vision (ICCV)},
  month = {December},
  year = {2015} 
}
@inproceedings{bisenet,
  title={Bisenet: Bilateral segmentation network for real-time semantic segmentation},
  author={Yu, Changqian and Wang, Jingbo and Peng, Chao and Gao, Changxin and Yu, Gang and Sang, Nong},
  booktitle={Proceedings of the European conference on computer vision (ECCV)},
  pages={325--341},
  year={2018}
}
@article{bisenet2,
  title={Bisenet v2: Bilateral network with guided aggregation for real-time semantic segmentation},
  author={Yu, Changqian and Gao, Changxin and Wang, Jingbo and Yu, Gang and Shen, Chunhua and Sang, Nong},
  journal={International Journal of Computer Vision},
  volume={129},
  number={11},
  pages={3051--3068},
  year={2021},
  publisher={Springer}
}
@misc{semseg2019,
  author={Zhao, Hengshuang},
  title={semseg},
  howpublished={\url{https://github.com/hszhao/semseg}},
  year={2019}
}
@inproceedings{paysan20093d,
  title={A 3D face model for pose and illumination invariant face recognition},
  author={Paysan, Pascal and Knothe, Reinhard and Amberg, Brian and Romdhani, Sami and Vetter, Thomas},
  booktitle={2009 sixth IEEE international conference on advanced video and signal based surveillance},
  pages={296--301},
  year={2009},
  organization={Ieee}
}
