% =========================== ORIGINAL DATA =============================
@misc{originalpaper,
      title={Exacerbating Algorithmic Bias through Fairness Attacks}, 
      author={Ninareh Mehrabi and Muhammad Naveed and Fred Morstatter and Aram Galstyan},
      year={2020},
      eprint={2012.08723},
      archivePrefix={arXiv},
      primaryClass={cs.LG}
}

@misc{original_github,
  author = {Ninareh Mehrabi and Muhammad Naveed and Fred Morstatter and Aram Galstyan},
  title = {Exacerbating Algorithmic Bias through Fairness Attacks},
  year = {2020},
  publisher = {GitHub},
  journal = {GitHub repository},
  howpublished = {\url{https://github.com/Ninarehm/attack}},
  note = {Accessed on: 23-01-2022}
}

% ============================== MISC ===============================

% Coverage.py package
@misc{coverage_py,
  author = {{Ned Batchelder and other 103 contributors}},
  title = {Coverage.py},
  year = {2021},
  publisher = {ReadTheDocs},
  journal = {ReadTheDocs: Coverage.py},
  howpublished = {\url{coverage.readthedocs.io}},
  note = {Accessed on: 23-01-2022}
}

% Trusted-AI 360
@misc{aif360,
    title = "{AI Fairness} 360:  An Extensible Toolkit for Detecting, Understanding, and Mitigating Unwanted Algorithmic Bias",
    author = {Rachel K. E. Bellamy and Kuntal Dey and Michael Hind and
	Samuel C. Hoffman and Stephanie Houde and Kalapriya Kannan and
	Pranay Lohia and Jacquelyn Martino and Sameep Mehta and
	Aleksandra Mojsilovic and Seema Nagar and Karthikeyan Natesan Ramamurthy and
	John Richards and Diptikalyan Saha and Prasanna Sattigeri and
	Moninder Singh and Kush R. Varshney and Yunfeng Zhang},
    month = oct,
    year = {2018},
    url = {https://arxiv.org/abs/1810.01943}
}

% SciPy FMIN_NCG
 @misc{scipy, 
 title={scipy.optimize.fmin\_ncg}, url={https://docs.scipy.org/doc/scipy/reference/generated/scipy.optimize.fmin\_ncg.html},
 author ={SciPy v1.7.1 Manual},
 note = {Accessed on: 31-01-2022}
 } 
 
% Second github of the main author
@misc{second_github,
  author = {Ninareh Mehrabi},
  title = {Fairness- Statistical Equity: A Fairness Classification Objective},
  year = {2020},
  publisher = {GitHub},
  journal = {GitHub repository},
  howpublished = {\url{https://github.com/Ninarehm/Fairness}},
  note = {Accessed on: 23-01-2022}
}

% ============================== BASELINES ===============================

% Koh et al (2018) paper
@ARTICLE{koh2018,
       author = {{Koh}, Pang Wei and {Steinhardt}, Jacob and {Liang}, Percy},
        title = "{Stronger Data Poisoning Attacks Break Data Sanitization Defenses}",
      journal = {arXiv e-prints},
     keywords = {Statistics - Machine Learning, Computer Science - Cryptography and Security, Computer Science - Machine Learning},
         year = 2018,
        month = nov,
          eid = {arXiv:1811.00741},
        pages = {arXiv:1811.00741},
archivePrefix = {arXiv},
       eprint = {1811.00741},
 primaryClass = {stat.ML},
       adsurl = {https://ui.adsabs.harvard.edu/abs/2018arXiv181100741K},
      adsnote = {Provided by the SAO/NASA Astrophysics Data System}
}

% Koh et al (2018) GitHub repo
@misc{koh2018_github,
  author = {{Koh}, Pang Wei and {Steinhardt}, Jacob and {Liang}, Percy},
  title = {{Stronger Data Poisoning Attacks Break Data Sanitization Defenses}},
  year = {2018},
  publisher = {GitHub},
  journal = {GitHub repository},
  howpublished = {\url{https://github.com/kohpangwei/data-poisoning-journal-release}},
  note = {Accessed on: 23-01-2022}
}

% Second baseline (loss function paper)
@misc{solans2020,
      title={Poisoning Attacks on Algorithmic Fairness}, 
      author={David Solans and Battista Biggio and Carlos Castillo},
      year={2020},
      eprint={2004.07401},
      archivePrefix={arXiv},
      primaryClass={cs.LG}
}

% =========================== DATASETS =============================

@misc{german_drug_dataset,
author = "Dua, Dheeru and Graff, Casey",
year = "2017",
title = "{UCI} Machine Learning Repository",
url = "http://archive.ics.uci.edu/ml",
institution = "University of California, Irvine, School of Information and Computer Sciences",
note = {Last accessed on: 23-01-2022}
}

@misc{compas_dataset,
  author = {Jeff Larson and Marjorie Roswell and Vaggelis Atlidakis},
  title = {Compas analysis},
  year = {2016},
  publisher = {GitHub},
  journal = {GitHub repository},
  howpublished = {\url{https://github.com/propublica/compas-analysis/}},
  note = {Last accessed on: 23-01-2022}
}

@misc{fehrman2017factor,
      title={The Five Factor Model of personality and evaluation of drug consumption risk}, 
      author={E. Fehrman and A. K. Muhammad and E. M. Mirkes and V. Egan and A. N. Gorban},
      year={2017},
      eprint={1506.06297},
      archivePrefix={arXiv},
      primaryClass={stat.AP}
}


@article{standardization,
	author = {M. Shanker and M.Y. Hu and M.S. Hung},
	doi = {https://doi.org/10.1016/0305-0483(96)00010-2},
	issn = {0305-0483},
	journal = {Omega},
	keywords = {neural networks, modelling},
	number = {4},
	pages = {385-397},
	title = {Effect of data standardization on neural network training},
	url = {https://www.sciencedirect.com/science/article/pii/0305048396000102},
	volume = {24},
	year = {1996},
	Bdsk-Url-1 = {https://www.sciencedirect.com/science/article/pii/0305048396000102},
	Bdsk-Url-2 = {https://doi.org/10.1016/0305-0483(96)00010-2}}


% ====================== FAIRNESS METRICS ========================

@inproceedings{SPD-measure,
	title = {Fairness through awareness},
	journal = {Proceedings of the 3rd Innovations in Theoretical Computer Science Conference (ITCS 12)},
	year = {2012},
	pages = {214-226},
	url = {https://arxiv.org/abs/1104.3913},
	author = {Dwork, C. and Hardt, M. and Pitassi, T. and Reingold, O. and Zemel, R.}
}

@article{EOD-measure,
  author    = {Moritz Hardt and
               Eric Price and
               Nathan Srebro},
  title     = {Equality of Opportunity in Supervised Learning},
  journal   = {CoRR},
  volume    = {abs/1610.02413},
  year      = {2016},
  url       = {http://arxiv.org/abs/1610.02413},
  eprinttype = {arXiv},
  eprint    = {1610.02413},
  timestamp = {Mon, 13 Aug 2018 16:47:05 +0200},
  biburl    = {https://dblp.org/rec/journals/corr/HardtPS16.bib},
  bibsource = {dblp computer science bibliography, https://dblp.org}
}