@misc{turakhia17,
  Author = "Chintan Turakhia",
  Title  = "\emph{Engineering more reliable transportation with machine learning and AI at Uber}",
  Note   = "\url{https://eng.uber.com/machine-learning/}
           [Accessed: 2022-01-22]",
  year = 2017,
}

@article{cook18,
  Author = "Cody Cook and Rebecca Diamond and Jonathan Hall and John A List and Paul Oyer",
  Title  = "The gender earnings gap in the gig economy: Evidence from over a million rideshare drivers",
  Journal   = "Technical report, National Bureau of Economic Research",
  year = 2018
}

@article{brown18,
  Author = "Anne Elizabeth Brown",
  Title  = "Ridehail revolution: Ride- hail travel and equity in Los Angeles",
  Journal   = "PhD thesis, UCLA",
  year = 2018
  }

@article{zhu22,
    author = {Pengyu Zhu and Haoyu Mo},
    title = {The potential of ride-pooling in VKT reduction and its environmental implications},
    journal = {Transportation Research Part D: Transport and Environment},
    volume = {103},
    year = {2022},
}

@article{santi2019supporting,
  author={Paolo Santi and Giovanni Resta and Michael Szell and Stanislav Sobolevsky and Steven H. Strogatz and Carlo Ratti.},
  title={Supporting Information for Quantifying the Benefits of Vehicle Pooling with Shareability Networks},
  journal = {Proceedings of the National Academy of Sciences},
  volume = {111},
  year={2019}
}

@article{boeing2017osmnx,
  author={Geoff Boeing},
  title={OSMnx: New methods for acquiring, constructing, analyzing, and visualizing complex street networks},
  journal={Computers, Environment and Urban Systems},
  volume={65},
  pages={126--139},
  year={2017},
  publisher={Elsevier}
}

@inproceedings{shah20,
    author = {Sanket Shah and Meghna Lowalekar and Pradeep Varakantham},
    title = {{Neural Approximate Dynamic Programming for On-demand Ride-pooling}},
    booktitle = {Conference on Artificial Intelligence (AAAI)},
    year = {2020},
    note = {Full version: arXiv:1911.08842.}
}

@inproceedings{raman21,
  title     = {{Data-Driven Methods for Balancing Fairness and Efficiency in Ride-Pooling}},
  author    = {Naveen Raman and Sanket Shah and John Dickerson},
  booktitle = {Proceedings of the Thirtieth International Joint Conference on
               Artificial Intelligence, {IJCAI-21}},
  publisher = {International Joint Conferences on Artificial Intelligence Organization},
  pages     = {363--369},
  year      = {2021},
}

@misc{ny16,
    title = {New York City TLC Trip Record Data},
    Author = {New York City},
    Year = {2016},
    Note = "\url{https://www1.nyc.gov/site/tlc/about/tlc-trip-record-data.page} [Accessed: 2022-01-12]"
}


@article{mnih2015,
  title={Human-level control through deep reinforcement learning},
  author={Mnih, Volodymyr and Kavukcuoglu, Koray and Silver, David and Rusu, Andrei A and Veness, Joel and Bellemare, Marc G and Graves, Alex and Riedmiller, Martin and Fidjeland, Andreas K and Ostrovski, Georg and others},
  journal={Nature},
  volume={518},
  number={7540},
  pages={529--533},
  year={2015},
  publisher={Nature Publishing Group}
}

@inproceedings{van2016deep,
  title={Deep reinforcement learning with double q-learning},
  author={Van Hasselt, Hado and Guez, Arthur and Silver, David},
  booktitle={Proceedings of the AAAI conference on artificial intelligence},
  volume={30},
  number={1},
  year={2016}
}

@article{lstm,
  title={Long short-term memory},
  author={Hochreiter, Sepp and Schmidhuber, J{\"u}rgen},
  journal={Neural computation},
  volume={9},
  number={8},
  pages={1735--1780},
  year={1997},
  publisher={MIT Press}
}

@article{pytorch,
  title={Pytorch: An imperative style, high-performance deep learning library},
  author={Paszke, Adam and Gross, Sam and Massa, Francisco and Lerer, Adam and Bradbury, James and Chanan, Gregory and Killeen, Trevor and Lin, Zeming and Gimelshein, Natalia and Antiga, Luca and others},
  journal={Advances in neural information processing systems},
  volume={32},
  pages={8026--8037},
  year={2019}
}


@article{shapley,
  title={A value for n-person games.},
  author={Lloyd S Shapley},
  journal={Contributions to the Theory of Games},
  volume={2},
  issue={1},
  pages={307--317},
  year={1953},
  publisher={Princeton University Press}
}

@misc{ibm_cplex,
    title = {CPLEX Optimizer | IBM},
    Author = {IBM},
    Note = "\url{https://www.ibm.com/analytics/cplex-optimizer} [Accessed: 2022-01-25]"
}

@misc{tensorflow,
title={ {TensorFlow}: Large-Scale Machine Learning on Heterogeneous Systems},
url={https://www.tensorflow.org/},
note={Software available from tensorflow.org},
author={
    Mart\'{i}n~Abadi and
    Ashish~Agarwal and
    Paul~Barham and
    Eugene~Brevdo and
    Zhifeng~Chen and
    Craig~Citro and
    Greg~S.~Corrado and
    Andy~Davis and
    Jeffrey~Dean and
    Matthieu~Devin and
    Sanjay~Ghemawat and
    Ian~Goodfellow and
    Andrew~Harp and
    Geoffrey~Irving and
    Michael~Isard and
    Yangqing Jia and
    Rafal~Jozefowicz and
    Lukasz~Kaiser and
    Manjunath~Kudlur and
    Josh~Levenberg and
    Dandelion~Man\'{e} and
    Rajat~Monga and
    Sherry~Moore and
    Derek~Murray and
    Chris~Olah and
    Mike~Schuster and
    Jonathon~Shlens and
    Benoit~Steiner and
    Ilya~Sutskever and
    Kunal~Talwar and
    Paul~Tucker and
    Vincent~Vanhoucke and
    Vijay~Vasudevan and
    Fernanda~Vi\'{e}gas and
    Oriol~Vinyals and
    Pete~Warden and
    Martin~Wattenberg and
    Martin~Wicke and
    Yuan~Yu and
    Xiaoqiang~Zheng},
  year={2015},
}

@misc{OpenStreetMap,
   author = {{OpenStreetMap contributors}},
   title = {{Planet dump retrieved from https://planet.osm.org }},
   howpublished = "\url{ https://www.openstreetmap.org }",
   year = {2017},
 }

 @article{lloyd1982least,
  title={Least squares quantization in PCM},
  author={Lloyd, Stuart},
  journal={IEEE transactions on information theory},
  volume={28},
  number={2},
  pages={129--137},
  year={1982},
  publisher={IEEE}
}

 @misc{demographics_data,
   author = {{NYC Department for the Aging}},
   title = {{Planet dump retrieved from https://planet.osm.org }},
   howpublished = "\url{ https://www1.nyc.gov/site/dfta/news-reports/guide_to_community_and_neighborhood_resources.page}",
   year = {2020},
 }
 
 @misc{nta_polygon_coords,
    title = {NYC Open Data},
    Author = {New York City},
    Year = {2010},
    Note = "\url{https://data.cityofnewyork.us/City-Government/2010-Neighborhood-Tabulation-Areas-NTAs-/cpf4-rkhq} [Accessed: 2022-01-25]"
}

@misc{uber_movement,
    title = {Uber Movement},
    Author = {Uber},
    Year = {2016},
    Note = "\url{https://movement.uber.com/?lang=en-US} [Accessed: 2022-01-17]"
}
@article{lin1992self,
  title={Self-improving reactive agents based on reinforcement learning, planning and teaching},
  author={Lin, Long-Ji},
  journal={Machine learning},
  volume={8},
  number={3-4},
  pages={293--321},
  year={1992},
  publisher={Springer}
}

@article{sharing_attention,
  title={An analysis of the labor market for Uberâ€™s driver-partners in the United States},
  author={Hall, Jonathan V and Krueger, Alan B},
  journal={Ilr Review},
  volume={71},
  number={3},
  pages={705--732},
  year={2018},
  publisher={SAGE Publications Sage CA: Los Angeles, CA}
}