@inproceedings{bandits,
  title     = {Thompson Sampling for Bandits with Clustered Arms},
  author    = {Carlsson, Emil and Dubhashi, Devdatt and Johansson, Fredrik D.},
  booktitle = {Proceedings of the Thirtieth International Joint Conference on Artificial Intelligence, {IJCAI-21}},
  publisher = {International Joint Conferences on Artificial Intelligence Organization},
  pages     = {2212--2218},
  year      = {2021},
  month     = {8},
  note      = {Main Track},
  doi       = {10.24963/ijcai.2021/305},
  url       = {https://doi.org/10.24963/ijcai.2021/305},
}

@article{zhao,
  title={Fast Reconfigurable Antenna State Selection with Hierarchical Thompson Sampling},
  author={Tianchi Zhao and Ming Li and Matthias Poloczek},
  journal={ICC 2019 - 2019 IEEE International Conference on Communications (ICC)},
  year={2019},
  pages={1-6}
}

@inproceedings{agrawal,
  title = 	 {Thompson Sampling for Contextual Bandits with Linear Payoffs},
  author = 	 {Agrawal, Shipra and Goyal, Navin},
  booktitle = 	 {Proceedings of the 30th International Conference on Machine Learning},
  pages = 	 {127--135},
  year = 	 {2013},
  editor = 	 {Dasgupta, Sanjoy and McAllester, David},
  volume = 	 {28},
  series = 	 {Proceedings of Machine Learning Research},
  address = 	 {Atlanta, Georgia, USA},
  month = 	 {17--19 Jun},
  publisher =    {PMLR},
  pdf = 	 {http://proceedings.mlr.press/v28/agrawal13.pdf},
  url = 	 {https://proceedings.mlr.press/v28/agrawal13.html}
}

@inproceedings{bouneffouf,
  title     = {Optimal Exploitation of Clustering and History Information in Multi-armed Bandit},
  author    = {Bouneffouf, Djallel and Parthasarathy, Srinivasan and Samulowitz, Horst and Wistuba, Martin},
  booktitle = {Proceedings of the Twenty-Eighth International Joint Conference on
               Artificial Intelligence, {IJCAI-19}},
  publisher = {International Joint Conferences on Artificial Intelligence Organization},             
  pages     = {2016--2022},
  year      = {2019},
  month     = {7},
  doi       = {10.24963/ijcai.2019/279},
  url       = {https://doi.org/10.24963/ijcai.2019/279},
}

@article{li,
author = {Li, Lihong and Chu, Wei and Langford, John and Schapire, Robert},
year = {2010},
month = {02},
pages = {},
title = {A Contextual-Bandit Approach to Personalized News Article Recommendation},
journal = {Computing Research Repository - CORR},
doi = {10.1145/1772690.1772758}
}

@article{auer,
author = {Auer, Peter and Cesa-Bianchi, Nicolò and Fischer, Paul},
year = {2002},
month = {05},
pages = {235-256},
title = {Finite-time Analysis of the Multiarmed Bandit Problem},
volume = {47},
journal = {Machine Learning},
doi = {10.1023/A:1013689704352}
}

@inproceedings{kocsis,
author = {Kocsis, Levente and Szepesvári, Csaba},
year = {2006},
month = {09},
pages = {282-293},
title = {Bandit Based Monte-Carlo Planning},
volume = {2006},
isbn = {978-3-540-45375-8},
journal = {Machine Learning: ECML},
doi = {10.1007/11871842_29}
}

@inproceedings{pandey,
author = {Pandey, Sandeep and Chakrabarti, Deepayan and Agarwal, Deepak},
year = {2007},
month = {01},
pages = {721-728},
title = {Multi-armed bandit problems with dependent arms.}
}

@article{thompson,
    author = {Thompson, William R},
    title = "{On The Likelihood That One Unknown Probability Exceeds Another In View Of The Evidence Of Two Samples}",
    journal = {Biometrika},
    volume = {25},
    number = {3-4},
    pages = {285-294},
    year = {1933},
    month = {12},
    issn = {0006-3444},
    doi = {10.1093/biomet/25.3-4.285},
    url = {https://doi.org/10.1093/biomet/25.3-4.285},
    eprint = {https://academic.oup.com/biomet/article-pdf/25/3-4/285/513725/25-3-4-285.pdf},
}

@article{robbins,
    author = {Robbins, H},
    title = "{Some aspects of the sequential design of experiments.}",
    journal = {Bulletin of the American Mathematics
Society},
    volume = {58},
    pages = {527-535},
    year = {1952}
}

@Manual{r,
    title = {R: A Language and Environment for Statistical Computing},
    author = {{R Core Team}},
    organization = {R Foundation for Statistical Computing},
    address = {Vienna, Austria},
    year = {2021},
    url = {https://www.R-project.org/},
  }

@Book{ggplot2,
    author = {Hadley Wickham},
    title = {ggplot2: Elegant Graphics for Data Analysis},
    publisher = {Springer-Verlag New York},
    year = {2016},
    isbn = {978-3-319-24277-4},
    url = {https://ggplot2.tidyverse.org},
  }

@Manual{mvtnorm,
    title = {{mvtnorm}: Multivariate Normal and t Distributions},
    author = {Alan Genz and Frank Bretz and Tetsuhisa Miwa and Xuefei Mi and Friedrich Leisch and Fabian Scheipl and Torsten Hothorn},
    year = {2021},
    note = {R package version 1.1-3},
    url = {https://CRAN.R-project.org/package=mvtnorm},
  }