@inproceedings{mehrabi2021exacerbating,
	title        = {Exacerbating Algorithmic Bias through Fairness Attacks},
	author       = {Mehrabi, Ninareh and Naveed, Muhammad and Morstatter, Fred and Galstyan, Aram},
	year         = 2021,
	booktitle    = {Proceedings of the AAAI Conference on Artificial Intelligence},
	volume       = 35,
	number       = 10,
	pages        = {8930--8938}
}
@article{koh2018,
	title        = {Stronger data poisoning attacks break data sanitization defenses},
	author       = {Koh, Pang Wei and Steinhardt, Jacob and Liang, Percy},
	year         = 2021,
	month        = {Nov},
	day          = 24,
	journal      = {Machine Learning},
	doi          = {10.1007/s10994-021-06119-y},
	issn         = {1573-0565},
	url          = {https://doi.org/10.1007/s10994-021-06119-y}
}
@inproceedings{koh2017,
	title        = {Understanding Black-box Predictions via Influence Functions},
	author       = {Pang Wei Koh and Percy Liang},
	year         = 2017,
	month        = {06--11 Aug},
	booktitle    = {Proceedings of the 34th International Conference on Machine Learning},
	publisher    = {PMLR},
	series       = {Proceedings of Machine Learning Research},
	volume       = 70,
	pages        = {1885--1894},
	url          = {https://proceedings.mlr.press/v70/koh17a.html},
	editor       = {Precup, Doina and Teh, Yee Whye},
	pdf          = {http://proceedings.mlr.press/v70/koh17a/koh17a.pdf}
}
@inproceedings{zafar2017fairness,
	title        = {Fairness Constraints: Mechanisms for Fair Classification},
	author       = {Zafar, Muhammad Bilal and Valera, Isabel and Rogriguez, Manuel Gomez and Gummadi, Krishna P.},
	year         = 2017,
	month        = {20--22 Apr},
	booktitle    = {Proceedings of the 20th International Conference on Artificial Intelligence and Statistics},
	publisher    = {PMLR},
	series       = {Proceedings of Machine Learning Research},
	volume       = 54,
	pages        = {962--970},
	url          = {https://proceedings.mlr.press/v54/zafar17a.html},
	editor       = {Singh, Aarti and Zhu, Jerry},
	pdf          = {http://proceedings.mlr.press/v54/zafar17a/zafar17a.pdf}
}
@inproceedings{solans2020poisoning,
	title        = {Poisoning Attacks on Algorithmic Fairness},
	author       = {Solans, David and Biggio, Battista and Castillo, Carlos},
	year         = 2021,
	booktitle    = {Machine Learning and Knowledge Discovery in Databases},
	publisher    = {Springer International Publishing},
	address      = {Cham},
	pages        = {162--177},
	isbn         = {978-3-030-67658-2},
	editor       = {Hutter, Frank and Kersting, Kristian and Lijffijt, Jefrey and Valera, Isabel}
}
@inproceedings{dwork2011fairness,
	title        = {Fairness through Awareness},
	author       = {Dwork, Cynthia and Hardt, Moritz and Pitassi, Toniann and Reingold, Omer and Zemel, Richard},
	year         = 2012,
	booktitle    = {Proceedings of the 3rd Innovations in Theoretical Computer Science Conference},
	location     = {Cambridge, Massachusetts},
	publisher    = {Association for Computing Machinery},
	address      = {New York, NY, USA},
	series       = {ITCS '12},
	pages        = {214–226},
	doi          = {10.1145/2090236.2090255},
	isbn         = 9781450311151,
	url          = {https://doi.org/10.1145/2090236.2090255},
	numpages     = 13
}
@inproceedings{hardt2016equality,
	title        = {Equality of Opportunity in Supervised Learning},
	author       = {Hardt, Moritz and Price, Eric and Price, Eric and Srebro, Nati},
	year         = 2016,
	booktitle    = {Advances in Neural Information Processing Systems},
	publisher    = {Curran Associates, Inc.},
	volume       = 29,
	pages        = {},
	url          = {https://proceedings.neurips.cc/paper/2016/file/9d2682367c3935defcb1f9e247a97c0d-Paper.pdf},
	editor       = {D. Lee and M. Sugiyama and U. Luxburg and I. Guyon and R. Garnett}
}
@inproceedings{steinhardt2017defenses,
	title        = {Certified Defenses for Data Poisoning Attacks},
	author       = {Steinhardt, Jacob and Koh, Pang Wei and Liang, Percy},
	year         = 2017,
	booktitle    = {Proceedings of the 31st International Conference on Neural Information Processing Systems},
	location     = {Long Beach, California, USA},
	publisher    = {Curran Associates Inc.},
	address      = {Red Hook, NY, USA},
	series       = {NIPS'17},
	pages        = {3520–3532},
	isbn         = 9781510860964,
	numpages     = 13
}
@misc{aif360,
	title        = {{AI Fairness} 360:  An Extensible Toolkit for Detecting, Understanding, and Mitigating Unwanted Algorithmic Bias},
	author       = {Rachel K. E. Bellamy and Kuntal Dey and Michael Hind and Samuel C. Hoffman and Stephanie Houde and Kalapriya Kannan and Pranay Lohia and Jacquelyn Martino and Sameep Mehta and Aleksandra Mojsilovic and Seema Nagar and Karthikeyan Natesan Ramamurthy and John Richards and Diptikalyan Saha and Prasanna Sattigeri and Moninder Singh and Kush R. Varshney and Yunfeng Zhang},
	year         = 2018,
	month        = oct,
	url          = {https://arxiv.org/abs/1810.01943}
}
@misc{german_credit,
	title        = {Statlog (German Credit Data)},
	author       = {Hofmann, Hans},
	year         = 1994,
	howpublished = {UCI Machine Learning Repository}
}
@misc{drug_consumption,
	title        = {Drug consumption (quantified)},
	author       = {Fehrman, Elaine and Egan, Vincent and Mirkes, Evgeny},
	year         = 2016,
	howpublished = {UCI Machine Learning Repository}
}
@misc{compas,
	title        = {Machine bias},
	author       = {Angwin, Julia and Larson, Jeff and Mattu, Surya and Kirchner, Lauren},
	year         = 2016,
	month        = {May},
	publisher    = {ProPublica},
	url          = {https://www.propublica.org/article/machine-bias-risk-assessments-in-criminal-sentencing}
}
@article{survey-chakraborty,
	title        = {A survey on adversarial attacks and defences},
	author       = {Chakraborty, Anirban and Alam, Manaar and Dey, Vishal and Chattopadhyay, Anupam and Mukhopadhyay, Debdeep},
	year         = 2021,
	journal      = {CAAI Transactions on Intelligence Technology},
	volume       = 6,
	number       = 1,
	pages        = {25--45},
	doi          = {https://doi.org/10.1049/cit2.12028},
	url          = {https://ietresearch.onlinelibrary.wiley.com/doi/abs/10.1049/cit2.12028},
	eprint       = {https://ietresearch.onlinelibrary.wiley.com/doi/pdf/10.1049/cit2.12028}
}
@misc{survey-li,
	title        = {Security Matters: A Survey on Adversarial Machine Learning},
	author       = {Guofu Li and Pengjia Zhu and Jin Li and Zhemin Yang and Ning Cao and Zhiyi Chen},
	year         = 2018,
	eprint       = {1810.07339},
	archiveprefix = {arXiv},
	primaryclass = {cs.LG}
}
@inproceedings{nanda2021fairness,
	title        = {Fairness through robustness: Investigating robustness disparity in deep learning},
	author       = {Nanda, Vedant and Dooley, Samuel and Singla, Sahil and Feizi, Soheil and Dickerson, John P},
	year         = 2021,
	booktitle    = {Proceedings of the 2021 ACM Conference on Fairness, Accountability, and Transparency},
	pages        = {466--477}
}
