%% This BibTeX bibliography file was created using BibDesk.
%% https://bibdesk.sourceforge.io/

%% Created for Ian Hardy at 2022-04-29 15:27:31 -0700 


%% Saved with string encoding Unicode (UTF-8) 



@misc{https://doi.org/10.48550/arxiv.1611.01236,
	author = {Kurakin, Alexey and Goodfellow, Ian and Bengio, Samy},
	copyright = {arXiv.org perpetual, non-exclusive license},
	date-added = {2022-04-29 15:27:27 -0700},
	date-modified = {2022-04-29 15:27:27 -0700},
	doi = {10.48550/ARXIV.1611.01236},
	keywords = {Computer Vision and Pattern Recognition (cs.CV), Cryptography and Security (cs.CR), Machine Learning (cs.LG), Machine Learning (stat.ML), FOS: Computer and information sciences, FOS: Computer and information sciences},
	publisher = {arXiv},
	title = {Adversarial Machine Learning at Scale},
	url = {https://arxiv.org/abs/1611.01236},
	year = {2016},
	bdsk-url-1 = {https://arxiv.org/abs/1611.01236},
	bdsk-url-2 = {https://doi.org/10.48550/ARXIV.1611.01236}}

@misc{https://doi.org/10.48550/arxiv.1412.6572,
	author = {Goodfellow, Ian J. and Shlens, Jonathon and Szegedy, Christian},
	copyright = {arXiv.org perpetual, non-exclusive license},
	date-added = {2022-04-29 15:27:27 -0700},
	date-modified = {2022-04-29 15:27:27 -0700},
	doi = {10.48550/ARXIV.1412.6572},
	keywords = {Machine Learning (stat.ML), Machine Learning (cs.LG), FOS: Computer and information sciences, FOS: Computer and information sciences},
	publisher = {arXiv},
	title = {Explaining and Harnessing Adversarial Examples},
	url = {https://arxiv.org/abs/1412.6572},
	year = {2014},
	bdsk-url-1 = {https://arxiv.org/abs/1412.6572},
	bdsk-url-2 = {https://doi.org/10.48550/ARXIV.1412.6572}}

@misc{https://doi.org/10.48550/arxiv.1312.6199,
	author = {Szegedy, Christian and Zaremba, Wojciech and Sutskever, Ilya and Bruna, Joan and Erhan, Dumitru and Goodfellow, Ian and Fergus, Rob},
	copyright = {Creative Commons Attribution 3.0 Unported},
	date-added = {2022-04-29 15:27:27 -0700},
	date-modified = {2022-04-29 15:27:27 -0700},
	doi = {10.48550/ARXIV.1312.6199},
	keywords = {Computer Vision and Pattern Recognition (cs.CV), Machine Learning (cs.LG), Neural and Evolutionary Computing (cs.NE), FOS: Computer and information sciences, FOS: Computer and information sciences},
	publisher = {arXiv},
	title = {Intriguing properties of neural networks},
	url = {https://arxiv.org/abs/1312.6199},
	year = {2013},
	bdsk-url-1 = {https://arxiv.org/abs/1312.6199},
	bdsk-url-2 = {https://doi.org/10.48550/ARXIV.1312.6199}}

@misc{https://doi.org/10.48550/arxiv.1901.08573,
	author = {Zhang, Hongyang and Yu, Yaodong and Jiao, Jiantao and Xing, Eric P. and Ghaoui, Laurent El and Jordan, Michael I.},
	copyright = {arXiv.org perpetual, non-exclusive license},
	date-added = {2022-04-29 15:27:27 -0700},
	date-modified = {2022-04-29 15:27:27 -0700},
	doi = {10.48550/ARXIV.1901.08573},
	keywords = {Machine Learning (cs.LG), Machine Learning (stat.ML), FOS: Computer and information sciences, FOS: Computer and information sciences},
	publisher = {arXiv},
	title = {Theoretically Principled Trade-off between Robustness and Accuracy},
	url = {https://arxiv.org/abs/1901.08573},
	year = {2019},
	bdsk-url-1 = {https://arxiv.org/abs/1901.08573},
	bdsk-url-2 = {https://doi.org/10.48550/ARXIV.1901.08573}}

@misc{https://doi.org/10.48550/arxiv.2010.06121,
	author = {Xu, Han and Liu, Xiaorui and Li, Yaxin and Jain, Anil K. and Tang, Jiliang},
	copyright = {arXiv.org perpetual, non-exclusive license},
	date-added = {2022-04-29 15:27:27 -0700},
	date-modified = {2022-04-29 15:27:27 -0700},
	doi = {10.48550/ARXIV.2010.06121},
	keywords = {Machine Learning (cs.LG), Machine Learning (stat.ML), FOS: Computer and information sciences, FOS: Computer and information sciences},
	publisher = {arXiv},
	title = {To be Robust or to be Fair: Towards Fairness in Adversarial Training},
	url = {https://arxiv.org/abs/2010.06121},
	year = {2020},
	bdsk-url-1 = {https://arxiv.org/abs/2010.06121},
	bdsk-url-2 = {https://doi.org/10.48550/ARXIV.2010.06121}}

@misc{https://doi.org/10.48550/arxiv.1706.06083,
	author = {Madry, Aleksander and Makelov, Aleksandar and Schmidt, Ludwig and Tsipras, Dimitris and Vladu, Adrian},
	copyright = {arXiv.org perpetual, non-exclusive license},
	date-added = {2022-04-29 15:27:27 -0700},
	date-modified = {2022-04-29 15:27:27 -0700},
	doi = {10.48550/ARXIV.1706.06083},
	keywords = {Machine Learning (stat.ML), Machine Learning (cs.LG), Neural and Evolutionary Computing (cs.NE), FOS: Computer and information sciences, FOS: Computer and information sciences},
	publisher = {arXiv},
	title = {Towards Deep Learning Models Resistant to Adversarial Attacks},
	url = {https://arxiv.org/abs/1706.06083},
	year = {2017},
	bdsk-url-1 = {https://arxiv.org/abs/1706.06083},
	bdsk-url-2 = {https://doi.org/10.48550/ARXIV.1706.06083}}

@article{Sinha:2021,
	author = {Sinha, Koustuv and Dodge, Jesse and Luccioni, Sasha and Forde, Jessica Zosa and Stojnic, Robert and Pineau, Joelle},
	doi = {10.5281/zenodo.4833117},
	journal = {ReScience C},
	keywords = {machine learning, neurips, reproducibility challenge},
	month = may,
	number = {2},
	pages = {1},
	title = {{ML Reproducibility Challenge 2020}},
	type = {Editorial},
	url = {https://zenodo.org/record/4833117/files/article.pdf},
	volume = {7},
	year = {2021},
	bdsk-url-1 = {https://zenodo.org/record/4833117/files/article.pdf},
	bdsk-url-2 = {https://doi.org/10.5281/zenodo.4833117}}
