@misc{https://doi.org/10.48550/arxiv.2010.06121,
  doi = {10.48550/ARXIV.2010.06121},
  
  url = {https://arxiv.org/abs/2010.06121},
  
  author = {Xu, Han and Liu, Xiaorui and Li, Yaxin and Jain, Anil K. and Tang, Jiliang},
  
  keywords = {Machine Learning (cs.LG), Machine Learning (stat.ML), FOS: Computer and information sciences, FOS: Computer and information sciences},
  
  title = {To be Robust or to be Fair: Towards Fairness in Adversarial Training},
  
  publisher = {arXiv},
  
  year = {2020},
  
  copyright = {arXiv.org perpetual, non-exclusive license}
}

@misc{https://doi.org/10.48550/arxiv.1412.6572,
  doi = {10.48550/ARXIV.1412.6572},
  
  url = {https://arxiv.org/abs/1412.6572},
  
  author = {Goodfellow, Ian J. and Shlens, Jonathon and Szegedy, Christian},
  
  keywords = {Machine Learning (stat.ML), Machine Learning (cs.LG), FOS: Computer and information sciences, FOS: Computer and information sciences},
  
  title = {Explaining and Harnessing Adversarial Examples},
  
  publisher = {arXiv},
  
  year = {2014},
  
  copyright = {arXiv.org perpetual, non-exclusive license}
}

@misc{https://doi.org/10.48550/arxiv.1312.6199,
  doi = {10.48550/ARXIV.1312.6199},
  
  url = {https://arxiv.org/abs/1312.6199},
  
  author = {Szegedy, Christian and Zaremba, Wojciech and Sutskever, Ilya and Bruna, Joan and Erhan, Dumitru and Goodfellow, Ian and Fergus, Rob},
  
  keywords = {Computer Vision and Pattern Recognition (cs.CV), Machine Learning (cs.LG), Neural and Evolutionary Computing (cs.NE), FOS: Computer and information sciences, FOS: Computer and information sciences},
  
  title = {Intriguing properties of neural networks},
  
  publisher = {arXiv},
  
  year = {2013},
  
  copyright = {Creative Commons Attribution 3.0 Unported}
}


@misc{https://doi.org/10.48550/arxiv.1611.01236,
  doi = {10.48550/ARXIV.1611.01236},
  
  url = {https://arxiv.org/abs/1611.01236},
  
  author = {Kurakin, Alexey and Goodfellow, Ian and Bengio, Samy},
  
  keywords = {Computer Vision and Pattern Recognition (cs.CV), Cryptography and Security (cs.CR), Machine Learning (cs.LG), Machine Learning (stat.ML), FOS: Computer and information sciences, FOS: Computer and information sciences},
  
  title = {Adversarial Machine Learning at Scale},
  
  publisher = {arXiv},
  
  year = {2016},
  
  copyright = {arXiv.org perpetual, non-exclusive license}
}

@misc{https://doi.org/10.48550/arxiv.1706.06083,
  doi = {10.48550/ARXIV.1706.06083},
  
  url = {https://arxiv.org/abs/1706.06083},
  
  author = {Madry, Aleksander and Makelov, Aleksandar and Schmidt, Ludwig and Tsipras, Dimitris and Vladu, Adrian},
  
  keywords = {Machine Learning (stat.ML), Machine Learning (cs.LG), Neural and Evolutionary Computing (cs.NE), FOS: Computer and information sciences, FOS: Computer and information sciences},
  
  title = {Towards Deep Learning Models Resistant to Adversarial Attacks},
  
  publisher = {arXiv},
  
  year = {2017},
  
  copyright = {arXiv.org perpetual, non-exclusive license}
}


@misc{https://doi.org/10.48550/arxiv.1901.08573,
  doi = {10.48550/ARXIV.1901.08573},
  
  url = {https://arxiv.org/abs/1901.08573},
  
  author = {Zhang, Hongyang and Yu, Yaodong and Jiao, Jiantao and Xing, Eric P. and Ghaoui, Laurent El and Jordan, Michael I.},
  
  keywords = {Machine Learning (cs.LG), Machine Learning (stat.ML), FOS: Computer and information sciences, FOS: Computer and information sciences},
  
  title = {Theoretically Principled Trade-off between Robustness and Accuracy},
  
  publisher = {arXiv},
  
  year = {2019},
  
  copyright = {arXiv.org perpetual, non-exclusive license}
}
