@inproceedings{fan2021transparent,
        title={Transparent Object Tracking Benchmark},
        author={Fan, Heng and Miththanthaya, Halady Akhilesha and Harshit and Rajan,
        Siranjiv Ramana and Liu, Xiaoqiong and Zou, Zhilin and Lin, Yuewei and Ling, Haibin},
        booktitle={Proceedings of the IEEE/CVF International Conference on Computer Vision (ICCV)},
        year={2021}
}

@unknown{segmenting,
author = {Xie, Enze and Wang, Wenjia and Wang, Wenhai and Sun, Peize and Xu, Hang and Liang, Ding and Luo, Ping},
year = {2021},
month = {01},
pages = {},
title = {Segmenting Transparent Object in the Wild with Transformer}
}

@inproceedings{prdimp,
author = {Danelljan, Martin and Gool, Luc and Timofte, Radu},
year = {2020},
month = {06},
pages = {7181-7190},
title = {Probabilistic Regression for Visual Tracking},
doi = {10.1109/CVPR42600.2020.00721}
}

@unknown{dimp,
author = {Bhat, Goutam and Danelljan, Martin and Van Gool, Luc and Timofte, Radu},
year = {2019},
month = {04},
pages = {},
title = {Learning Discriminative Model Prediction for Tracking}
}

@inproceedings{atom,
author = {Danelljan, Martin and Bhat, Goutam and Khan, Fahad and Felsberg, Michael},
year = {2019},
month = {06},
pages = {4655-4664},
title = {ATOM: Accurate Tracking by Overlap Maximization},
doi = {10.1109/CVPR.2019.00479}
}

@inproceedings{siammask,
author = {Wang, Qiang and Zhang, Li and Bertinetto, Luca and Hu, Weiming and Torr, Philip},
year = {2019},
month = {06},
pages = {1328-1338},
title = {Fast Online Object Tracking and Segmentation: A Unifying Approach},
doi = {10.1109/CVPR.2019.00142}
}

@article{siamrpn,
  title={SiamRPN++: Evolution of Siamese Visual Tracking With Very Deep Networks},
  author={Bo Li and Wei Wu and Qiang Wang and Fangyi Zhang and Junliang Xing and Junjie Yan},
  journal={2019 IEEE/CVF Conference on Computer Vision and Pattern Recognition (CVPR)},
  year={2019},
  pages={4277-4286}
}


 @InProceedings{siamrp,
author = {Li, Bo and Yan, Junjie and Wu, Wei and Zhu, Zheng and Hu, Xiaolin},
title = {High Performance Visual Tracking With Siamese Region Proposal Network},
booktitle = {Proceedings of the IEEE Conference on Computer Vision and Pattern Recognition (CVPR)},
month = {June},
year = {2018}
}

@inproceedings{siam2,
author = {Bertinetto, Luca and Valmadre, Jack and Henriques, Joao and Vedaldi, Andrea and Torr, Philip},
year = {2016},
month = {10},
pages = {850-865},
title = {Fully-Convolutional Siamese Networks for Object Tracking},
volume = {9914},
isbn = {978-3-319-48880-6},
doi = {10.1007/978-3-319-48881-3_56}
}

@InProceedings{mdnet,
author = {Nam, Hyeonseob and Han, Bohyung},
title = {Learning Multi-Domain Convolutional Neural Networks for Visual Tracking},
booktitle = {The IEEE Conference on Computer Vision and Pattern Recognition (CVPR)},
month = {June},
year = {2016}
}

@unknown{stark,
author = {Yan, Bin and Peng, Houwen and Fu, Jianlong and Wang, Dong and Lu, Huchuan},
year = {2021},
month = {03},
pages = {},
title = {Learning Spatio-Temporal Transformer for Visual Tracking}
}
