@article{correa2021fairness,
  title={Fairness and Bias in Online Selection},
  author={Correa, Jose and Cristi, Andres and Duetting, Paul and Norouzi-Fard, Ashkan},
  booktitle={International Conference on Machine Learning},
  pages={2112--2121},
  year={2021},
  organization={PMLR}
}

@article{DVN/O35FW8_2019,
author = {Castro da Silva, Bruno},
publisher = {Harvard Dataverse},
title = {{UFRGS Entrance Exam and GPA Data}},
UNF = {UNF:6:MQqEQGXiIfQTbS7q9QJ5uw==},
year = {2019},
version = {V1},
doi = {10.7910/DVN/O35FW8},
url = {https://doi.org/10.7910/DVN/O35FW8}
}

@article{bankport,
  title={A Data-Driven Approach to Predict the Success of Bank Telemarketing},
  author={Moro, Sergio and Cortez, Paulo and Rita, Paulo},
  journal={Decision Support Systems},
  volume={62},
  pages={22-31},
  year={2014},
}

@article{pokec,
  title={Data analysis in public social networks},
  author={Takac, L and Zábovský, M},
  journal={Trends of Innovations},
  pages={1-6},
  year={2012},
}
@article{samuel1984comparison,
  title={Comparison of threshold stop rules and maximum for independent nonnegative random variables},
  author={Samuel-Cahn, Ester},
  journal={the Annals of Probability},
  pages={1213--1216},
  year={1984},
  publisher={JSTOR}
}
@book{marx2021proceedings,
  title={Proceedings of the 2021 ACM-SIAM Symposium on Discrete Algorithms (SODA)},
  author={Marx, D{\'a}niel},
  year={2021},
  publisher={SIAM}
}
@article{correa2021posted,
  title={Posted Price Mechanisms and Optimal Threshold Strategies for Random Arrivals},
  author={Correa, Jos{\'e} and Foncea, Patricio and Hoeksma, Ruben and Oosterwijk, Tim and Vredeveld, Tjark},
  journal={Mathematics of Operations Research},
  year={2021},
  publisher={INFORMS}
}
@article{brown1972great,
  title={Great expectations: The theory of optimal stopping},
  author={Brown, BM},
  journal={Journal of the Royal Statistical Society: Series A (General)},
  volume={135},
  number={4},
  pages={610--610},
  year={1972},
  publisher={Wiley Online Library}
}
