@article{sauer2021counterfactual,
  title={Counterfactual generative networks},
  author={Sauer, Axel and Geiger, Andreas},
  journal={arXiv preprint arXiv:2101.06046},
  year={2021}
}

@misc{brock2019large,
      title={Large Scale GAN Training for High Fidelity Natural Image Synthesis}, 
      author={Andrew Brock and Jeff Donahue and Karen Simonyan},
      year={2019},
      eprint={1809.11096},
      archivePrefix={arXiv},
      primaryClass={cs.LG}
}

@misc{ruthotto2021introduction,
      title={An Introduction to Deep Generative Modeling}, 
      author={Lars Ruthotto and Eldad Haber},
      year={2021},
      eprint={2103.05180},
      archivePrefix={arXiv},
      primaryClass={cs.LG}
}

@article{wang2004image,
  title={Image quality assessment: from error visibility to structural similarity},
  author={Wang, Zhou and Bovik, Alan C and Sheikh, Hamid R and Simoncelli, Eero P},
  journal={IEEE transactions on image processing},
  volume={13},
  number={4},
  pages={600--612},
  year={2004},
  publisher={IEEE}
}

@inproceedings{chen2020simple,
  title={A simple framework for contrastive learning of visual representations},
  author={Chen, Ting and Kornblith, Simon and Norouzi, Mohammad and Hinton, Geoffrey},
  booktitle={International conference on machine learning},
  pages={1597--1607},
  year={2020},
  organization={PMLR}
}
@article{arjovsky2019invariant,
  title={Invariant risk minimization},
  author={Arjovsky, Martin and Bottou, L{\'e}on and Gulrajani, Ishaan and Lopez-Paz, David},
  journal={arXiv preprint arXiv:1907.02893},
  year={2019}
}

@article{vinyals2016matching,
  title={Matching networks for one shot learning},
  author={Vinyals, Oriol and Blundell, Charles and Lillicrap, Timothy and Wierstra, Daan and others},
  journal={Advances in neural information processing systems},
  volume={29},
  pages={3630--3638},
  year={2016}
}

@inproceedings{deng2009imagenet,
  title={Imagenet: A large-scale hierarchical image database},
  author={Deng, Jia and Dong, Wei and Socher, Richard and Li, Li-Jia and Li, Kai and Fei-Fei, Li},
  booktitle={2009 IEEE conference on computer vision and pattern recognition},
  pages={248--255},
  year={2009},
  organization={Ieee}
}

@article{lecun1998gradient,
  title={Gradient-based learning applied to document recognition},
  author={LeCun, Yann and Bottou, L{\'e}on and Bengio, Yoshua and Haffner, Patrick},
  journal={Proceedings of the IEEE},
  volume={86},
  number={11},
  pages={2278--2324},
  year={1998},
  publisher={Ieee}
}

@inproceedings{imagenet,
author = {Deng, Jia and Dong, Wei and Socher, Richard and Li, Li-Jia and Li, Kai and Li, Fei-Fei},
year = {2009},
month = {06},
pages = {248-255},
title = {ImageNet: a Large-Scale Hierarchical Image Database},
journal = {IEEE Conference on Computer Vision and Pattern Recognition},
doi = {10.1109/CVPR.2009.5206848}
}

@inproceedings{mini-imagenet,
 author = {Vinyals, Oriol and Blundell, Charles and Lillicrap, Timothy and kavukcuoglu, koray and Wierstra, Daan},
 booktitle = {Advances in Neural Information Processing Systems},
 editor = {D. Lee and M. Sugiyama and U. Luxburg and I. Guyon and R. Garnett},
 pages = {},
 publisher = {Curran Associates, Inc.},
 title = {Matching Networks for One Shot Learning},
 url = {https://proceedings.neurips.cc/paper/2016/file/90e1357833654983612fb05e3ec9148c-Paper.pdf},
 volume = {29},
 year = {2016}
}

@article{Imagenet-1k,
Author = {Olga Russakovsky and Jia Deng and Hao Su and Jonathan Krause and Sanjeev Satheesh and Sean Ma and Zhiheng Huang and Andrej Karpathy and Aditya Khosla and Michael Bernstein and Alexander C. Berg and Li Fei-Fei},
Title = {{ImageNet Large Scale Visual Recognition Challenge}},
Year = {2015},
journal   = {International Journal of Computer Vision (IJCV)},
doi = {10.1007/s11263-015-0816-y},
volume={115},
number={3},
pages={211-252}
}

@inproceedings{johnson2016perceptual,
  title={Perceptual losses for real-time style transfer and super-resolution},
  author={Johnson, Justin and Alahi, Alexandre and Fei-Fei, Li},
  booktitle={European conference on computer vision},
  pages={694--711},
  year={2016},
  organization={Springer}
}
@inproceedings{he2020momentum,
  title={Momentum contrast for unsupervised visual representation learning},
  author={He, Kaiming and Fan, Haoqi and Wu, Yuxin and Xie, Saining and Girshick, Ross},
  booktitle={Proceedings of the IEEE/CVF Conference on Computer Vision and Pattern Recognition},
  pages={9729--9738},
  year={2020}
}



@misc{kingma2014autoencoding,
      title={Auto-Encoding Variational Bayes}, 
      author={Diederik P Kingma and Max Welling},
      year={2014},
      eprint={1312.6114},
      archivePrefix={arXiv},
      primaryClass={stat.ML}
}

@article{zhao2016loss,
  title={Loss functions for image restoration with neural networks},
  author={Zhao, Hang and Gallo, Orazio and Frosio, Iuri and Kautz, Jan},
  journal={IEEE Transactions on computational imaging},
  volume={3},
  number={1},
  pages={47--57},
  year={2016},
  publisher={IEEE}
}

@misc{goodfellow2014generative,
      title={Generative Adversarial Networks}, 
      author={Ian J. Goodfellow and Jean Pouget-Abadie and Mehdi Mirza and Bing Xu and David Warde-Farley and Sherjil Ozair and Aaron Courville and Yoshua Bengio},
      year={2014},
      eprint={1406.2661},
      archivePrefix={arXiv},
      primaryClass={stat.ML}
}

@inproceedings{pandey2020unsupervised,
  title={Unsupervised domain adaptation for semantic segmentation of NIR images through generative latent search},
  author={Pandey, Prashant and Tyagi, Aayush Kumar and Ambekar, Sameer and Prathosh, AP},
  booktitle={European Conference on Computer Vision},
  pages={413--429},
  year={2020},
  organization={Springer}
}

@inproceedings{lime,
  author    = {Marco Tulio Ribeiro and
               Sameer Singh and
               Carlos Guestrin},
  title     = {"Why Should {I} Trust You?": Explaining the Predictions of Any Classifier},
  booktitle = {Proceedings of the 22nd {ACM} {SIGKDD} International Conference on
               Knowledge Discovery and Data Mining, San Francisco, CA, USA, August
               13-17, 2016},
  pages     = {1135--1144},
  year      = {2016},
}
@article{qin2020u2,
  title={U2-Net: Going deeper with nested U-structure for salient object detection},
  author={Qin, Xuebin and Zhang, Zichen and Huang, Chenyang and Dehghan, Masood and Zaiane, Osmar R and Jagersand, Martin},
  journal={Pattern Recognition},
  volume={106},
  pages={107404},
  year={2020},
  publisher={Elsevier}
}