@article{Gu1994,
    title = {{A Stable and Efficient Algorithm for the Rank-One Modification of the Symmetric Eigenproblem}},
    year = {1994},
    journal = {SIAM Journal on Matrix Analysis and Applications},
    author = {Gu, Ming and Eisenstat, Stanley C.},
    number = {4},
    month = {10},
    pages = {1266--1276},
    volume = {15},
    url = {http://epubs.siam.org/doi/10.1137/S089547989223924X},
    doi = {10.1137/S089547989223924X},
    issn = {0895-4798},
    keywords = {symmetric eigenproblem}
}

@misc{numpy,
    title = {{Array programming with NumPy}},
    year = {2020},
    booktitle = {Nature},
    author = {Harris, Charles R. and Millman, K. Jarrod and van der Walt, Stéfan J. and Gommers, Ralf and Virtanen, Pauli and Cournapeau, David and Wieser, Eric and Taylor, Julian and Berg, Sebastian and Smith, Nathaniel J. and Kern, Robert and Picus, Matti and Hoyer, Stephan and van Kerkwijk, Marten H. and Brett, Matthew and Haldane, Allan and del R{\'{i}}o, Jaime Fernández and Wiebe, Mark and Peterson, Pearu and G{\'{e}}rard-Marchant, Pierre and Sheppard, Kevin and Reddy, Tyler and Weckesser, Warren and Abbasi, Hameer and Gohlke, Christoph and Oliphant, Travis E.},
    number = {7825},
    month = {9},
    pages = {357--362},
    volume = {585},
    publisher = {Nature Research},
    doi = {10.1038/s41586-020-2649-2},
    issn = {14764687},
    pmid = {32939066},
    arxivId = {2006.10256}
}

@article{Cai2005,
    title = {{Document clustering using locality preserving indexing}},
    year = {2005},
    journal = {IEEE Transactions on Knowledge and Data Engineering},
    author = {Cai, D. and He, X. and Han, J.},
    number = {12},
    month = {12},
    pages = {1624--1637},
    volume = {17},
    doi = {10.1109/TKDE.2005.198},
    issn = {1041-4347}
}

@inproceedings{Brand2003,
    title = {{Fast online SVD revisions for lightweight recommender systems}},
    year = {2003},
    booktitle = {Proceedings of the 2003 SIAM International Conference on Data Mining},
    author = {Brand, Matthew},
    month = {5},
    pages = {37--46},
    publisher = {Society for Industrial and Applied Mathematics},
    url = {https://epubs.siam.org/doi/10.1137/1.9781611972733.4},
    address = {Philadelphia, PA},
    isbn = {978-0-89871-545-3},
    doi = {10.1137/1.9781611972733.4},
    keywords = {collaborative filtering, incomplete data, online updating, real-time recommending, singular value decomposition}
}

@article{Vecharynski2014,
    title = {{Fast updating algorithms for latent semantic indexing}},
    year = {2014},
    journal = {SIAM Journal on Matrix Analysis and Applications},
    author = {Vecharynski, Eugene and Saad, Yousef},
    number = {3},
    pages = {1105--1131},
    volume = {35},
    publisher = {Society for Industrial and Applied Mathematics Publications},
    doi = {10.1137/130940414},
    issn = {10957162},
    arxivId = {1310.2008},
    keywords = {Latent semantic indexing, Low-rank approximation, Min-max characterization, Rayleigh-Ritz procedure, Ritz singular values, Ritz singular vectors, Singular value decomposition, Text mining, Updating algorithm}
}

@article{Halko2011,
    title = {{Finding structure with randomness: Probabilistic algorithms for constructing approximate matrix decompositions}},
    year = {2011},
    journal = {SIAM Review},
    author = {Halko, N. and Martinsson, P. G. and Tropp, J. A.},
    number = {2},
    pages = {217--288},
    volume = {53},
    doi = {10.1137/090771806},
    issn = {00361445},
    arxivId = {0909.4061},
    keywords = {Dimension reduction, Eigenvalue decomposition, Interpolative decomposition, Johnson-Lindenstrauss lemma, Matrix approximation, Parallel algorithm, Pass-efficient algorithm, Principal component analysis, Random matrix, Randomized algorithm}
}

@article{Ghashami2016,
    title = {{Frequent Directions: Simple and Deterministic Matrix Sketching}},
    year = {2016},
    journal = {SIAM Journal on Computing},
    author = {Ghashami, Mina and Liberty, Edo and Phillips, Jeff M. and Woodruff, David P.},
    number = {5},
    month = {1},
    pages = {1762--1792},
    volume = {45},
    publisher = {Society for Industrial and Applied Mathematics Publications},
    url = {http://epubs.siam.org/doi/10.1137/15M1009718},
    doi = {10.1137/15M1009718},
    issn = {0097-5397},
    keywords = {Covariance sketching, FrequentDirections, Matrix sketching, SVD, Streaming}
}

@misc{LSISite,
    title = {{Latent Semantic Indexing Web Site}},
    author = {Berry, Michael W. and Dumais, Susan T.},
    url = {http://web.eecs.utk.edu/research/lsi/}
}

@article{Baker2012,
    title = {{Low-rank incremental methods for computing dominant singular subspaces}},
    year = {2012},
    journal = {Linear Algebra and its Applications},
    author = {Baker, C.G. and Gallivan, K.A. and Van Dooren, P.},
    number = {8},
    month = {4},
    pages = {2866--2888},
    volume = {436},
    doi = {10.1016/j.laa.2011.07.018},
    issn = {00243795}
}

@article{matplotlib,
    title = {{Matplotlib: A 2D Graphics Environment}},
    year = {2007},
    journal = {Computing in Science   Engineering},
    author = {Hunter, John D},
    number = {3},
    pages = {90--95},
    volume = {9},
    doi = {10.1109/MCSE.2007.55}
}

@misc{MatrixMarket,
    title = {{Matrix Market}},
    year = {2007},
    author = {{National Institute of Standards and Technology}},
    month = {5},
    url = {https://math.nist.gov/MatrixMarket/}
}

@inproceedings{Cai2008,
    title = {{Modeling hidden topics on document manifold}},
    year = {2008},
    booktitle = {Proceeding of the 17th ACM conference on Information and knowledge mining - CIKM '08},
    author = {Cai, Deng and Mei, Qiaozhu and Han, Jiawei and Zhai, Chengxiang},
    pages = {911},
    publisher = {ACM Press},
    address = {New York, New York, USA},
    isbn = {9781595939913},
    doi = {10.1145/1458082.1458202}
}

@article{Huang2019,
    title = {{Near Optimal Frequent Directions for Sketching Dense and Sparse Matrices}},
    year = {2019},
    journal = {Journal of Machine Learning Research},
    author = {Huang, Zengfeng},
    pages = {1--23},
    volume = {20},
    url = {http://jmlr.org/papers/v20/18-875.html.},
    keywords = {Frequent Directions, Matrix Sketching, Streaming Algorithms}
}

@inproceedings{Cai2009,
    title = {{Probabilistic dyadic data analysis with local and global consistency}},
    year = {2009},
    booktitle = {Proceedings of the 26th Annual International Conference on Machine Learning - ICML '09},
    author = {Cai, Deng and Wang, Xuanhui and He, Xiaofei},
    pages = {1--8},
    publisher = {ACM Press},
    url = {http://portal.acm.org/citation.cfm?doid=1553374.1553388},
    address = {New York, New York, USA},
    isbn = {9781605585161},
    doi = {10.1145/1553374.1553388}
}

@inproceedings{Kalantzis2021,
    title = {{Projection techniques to update the truncated SVD of evolving matrices with applications}},
    year = {2021},
    booktitle = {Proceedings of the 38th International Conference on Machine Learning},
    author = {Kalantzis, Vassilis and Kollias, Georgios and Ubaru, Shashanka and Nikolakopoulos, Athanasios N and Horesh, Lior and Clarkson, Kenneth L},
    editor = {Meila, Marina and Zhang, Tong},
    month = {7},
    pages = {5236--5246},
    publisher = {PMLR},
    url = {https://proceedings.mlr.press/v139/kalantzis21a.html}
}

@inproceedings{Cai2007,
    title = {{Regularized locality preserving indexing via spectral regression}},
    year = {2007},
    booktitle = {Proceedings of the sixteenth ACM conference on Conference on information and knowledge management  - CIKM '07},
    author = {Cai, Deng and He, Xiaofei and Zhang, Wei Vivian and Han, Jiawei},
    pages = {741},
    publisher = {ACM Press},
    address = {New York, New York, USA},
    isbn = {9781595938039},
    doi = {10.1145/1321440.1321544}
}

@article{Luo2019,
    title = {{Robust Frequent Directions with Application in Online Learning}},
    year = {2019},
    journal = {Journal of Machine Learning Research},
    author = {Luo, Luo and Chen, Cheng and Zhang, Zhihua and Li, Wu-Jun and Zhang, Tong and Kong, Hong and Liu, Qiang},
    pages = {1--41},
    volume = {20},
    url = {http://jmlr.org/papers/v20/17-773.html.},
    keywords = {Matrix approximation, frequent directions, online Newton algorithm, online convex optimization, sketching}
}

@article{scikit-learn,
    title = {{Scikit-learn: Machine Learning in Python}},
    year = {2011},
    journal = {Journal of Machine Learning Research},
    author = {Pedregosa, Fabian and Varoquaux, Gaël and Gramfort, Alexandre and Michel, Vicent and Thirion, Bertrand and Grisel, Olivier and Blondel, Mathieu and Prettenhofer, Peter and Weiss, Ron and Dubourg, Vincent and Vanderplas, Jake and Passos, Alexandre and Cournapeau, David and Brucher, Matthieu and Perrot, Matthieu and Duchesnay, Édouar},
    number = {85},
    month = {10},
    pages = {2825--2830},
    volume = {12}
}

@article{scipy,
    title = {{SciPy 1.0: fundamental algorithms for scientific computing in Python}},
    year = {2020},
    journal = {Nature Methods},
    author = {Virtanen, Pauli and Gommers, Ralf and Oliphant, Travis E. and Haberland, Matt and Reddy, Tyler and Cournapeau, David and Burovski, Evgeni and Peterson, Pearu and Weckesser, Warren and Bright, Jonathan and van der Walt, Stéfan J. and Brett, Matthew and Wilson, Joshua and Millman, K. Jarrod and Mayorov, Nikolay and Nelson, Andrew R.J. and Jones, Eric and Kern, Robert and Larson, Eric and Carey, C. J. and Polat, İlhan and Feng, Yu and Moore, Eric W. and VanderPlas, Jake and Laxalde, Denis and Perktold, Josef and Cimrman, Robert and Henriksen, Ian and Quintero, E. A. and Harris, Charles R. and Archibald, Anne M. and Ribeiro, Antônio H. and Pedregosa, Fabian and van Mulbregt, Paul and Vijaykumar, Aditya and Bardelli, Alessandro Pietro and Rothberg, Alex and Hilboll, Andreas and Kloeckner, Andreas and Scopatz, Anthony and Lee, Antony and Rokem, Ariel and Woods, C. Nathan and Fulton, Chad and Masson, Charles and H{\"{a}}ggstr{\"{o}}m, Christian and Fitzgerald, Clark and Nicholson, David A. and Hagen, David R. and Pasechnik, Dmitrii V. and Olivetti, Emanuele and Martin, Eric and Wieser, Eric and Silva, Fabrice and Lenders, Felix and Wilhelm, Florian and Young, G. and Price, Gavin A. and Ingold, Gert Ludwig and Allen, Gregory E. and Lee, Gregory R. and Audren, Hervé and Probst, Irvin and Dietrich, Jörg P. and Silterra, Jacob and Webber, James T. and Slavi{\v{c}}, Janko and Nothman, Joel and Buchner, Johannes and Kulick, Johannes and Sch{\"{o}}nberger, Johannes L. and de Miranda Cardoso, José Vinícius and Reimer, Joscha and Harrington, Joseph and Rodr{\'{i}}guez, Juan Luis Cano and Nunez-Iglesias, Juan and Kuczynski, Justin and Tritz, Kevin and Thoma, Martin and Newville, Matthew and K{\"{u}}mmerer, Matthias and Bolingbroke, Maximilian and Tartre, Michael and Pak, Mikhail and Smith, Nathaniel J. and Nowaczyk, Nikolai and Shebanov, Nikolay and Pavlyk, Oleksandr and Brodtkorb, Per A. and Lee, Perry and McGibbon, Robert T. and Feldbauer, Roman and Lewis, Sam and Tygier, Sam and Sievert, Scott and Vigna, Sebastiano and Peterson, Stefan and More, Surhud and Pudlik, Tadeusz and Oshima, Takuya and Pingel, Thomas J. and Robitaille, Thomas P. and Spura, Thomas and Jones, Thouis R. and Cera, Tim and Leslie, Tim and Zito, Tiziano and Krauss, Tom and Upadhyay, Utkarsh and Halchenko, Yaroslav O. and V{\'{a}}zquez-Baeza, Yoshiki},
    number = {3},
    month = {3},
    pages = {261--272},
    volume = {17},
    publisher = {Nature Research},
    doi = {10.1038/s41592-019-0686-2},
    issn = {15487105},
    pmid = {32015543},
    arxivId = {1907.10121}
}

@article{OLeary1980,
    title = {{The block conjugate gradient algorithm and related methods}},
    year = {1980},
    journal = {Linear Algebra and its Applications},
    author = {O'Leary, Dianne P.},
    month = {2},
    pages = {293--322},
    volume = {29},
    url = {https://linkinghub.elsevier.com/retrieve/pii/0024379580902475},
    doi = {10.1016/0024-3795(80)90247-5},
    issn = {00243795}
}

@article{Harper2015,
    title = {{The movielens datasets: History and context}},
    year = {2015},
    journal = {ACM Transactions on Interactive Intelligent Systems},
    author = {Harper, F. Maxwell and Konstan, Joseph A.},
    number = {4},
    month = {12},
    volume = {5},
    publisher = {Association for Computing Machinery},
    doi = {10.1145/2827872},
    issn = {21606463},
    keywords = {Datasets, Movielens, Ratings, Recommendations}
}

@article{Zha1999,
    title = {{Timely communication on updating problems in latent semantic indexing}},
    year = {1999},
    journal = {Society for Industrial and Applied Mathematics},
    author = {Zha, Hongyuan and Simon, Horst D},
    number = {2},
    pages = {782--791},
    volume = {21},
    url = {http://www.siam.org/journals/sisc/21-2/32926.html},
    keywords = {15A18, 65A15, infor-mation retrieval AMS subject classifications 15A06, latent semantic indexing, singular value decomposition, updating problems}
}

@article{Bunch1978,
    title = {{Updating the Singular Value Decomposition}},
    year = {1978},
    journal = {Numerische Mathematik},
    author = {Bunch, James R and Nielsen, Christopher P},
    pages = {111--129},
    volume = {31}
}

@article{Kolda1998ARetrieval,
    title = {{A Semidiscrete Matrix Decomposition for Latent Semantic Indexing in Information Retrieval Additional Key Words and Phrases: Data mining, latent semantic indexing, semidiscrete decomposition, singular-value decomposition, text retrieval}},
    year = {1998},
    journal = {ACM Transactions on Information Systems},
    author = {Kolda, Tamara G and O'leary, Dianne P and O'leary, ; D P},
    number = {4},
    pages = {322--346},
    volume = {16},
    keywords = {Algorithms, Approximation General Terms, Categories and Subject Descriptors, G12 [Numerical Analysis], H33 [Information Systems], Information Search and Retrieval}
}